3492 5975
136 1001 140 1016 f
289 999 292 1004 .

864 999 870 1011 ,
1095 941 1112 1002 l

136 1209 138 1214 ,
207 1088 1478 1236 --Ἀ-...ἒμῆΕᾈ-...ᾑ
1525 1115 1594 1212 77'

205 1241 306 1351 primi
329 1240 457 1353 Regis
486 1239 680 1327 Navarrae
709 1246 987 1356 consequutus
1013 1241 1104 1332 fuit.
1163 1247 1218 1331 Ut
1238 1244 1323 1335 hoc
1345 1227 1597 1348 beneficium

136 1375 138 1380 ·
203 1358 407 1441 memoriae
425 1355 686 1439 Posterorum
701 1357 1104 1446 mandaretGarcias
1132 1388 1240 1446 anno
1264 1390 1359 1463 722.
1379 1366 1595 1481 Regnante

136 1481 138 1494 '
204 1463 398 1581 Gregorio
425 1468 471 1550 ll.
504 1467 695 1554 Romano
722 1468 938 1575 Pontifice,
979 1473 1165 1583 Equitum
1192 1474 1382 1563 ordinem
1416 1485 1594 1590 instituit,

202 1585 366 1688 quorum
389 1576 604 1666 Emblema
624 1607 719 1666 crux
739 1608 826 1670 erat
851 1584 975 1672 liliata
1008 1580 1156 1687 rubra,
1187 1588 1372 1706 Qercui
1390 1594 1594 1705 imposta,

201 1690 323 1778 adsuta
360 1689 459 1778 albo
489 1688 687 1806 brevique
716 1694 992 1801 indumento,
1021 1697 1196 1810 quod'in
1219 1702 1364 1811 praelio
1389 1706 1604 1818 gerebant

198 1805 363 1910 milites,
392 1807 491 1891 srtut
520 1806 695 1896 ostendit
719 1837 832 1902 num.
852 1829 916 1914 87.
945 1813 989 1896 ln
1014 1808 1099 1897 hoc
1123 1813 1268 1900 ordine
1291 1816 1321 1900 li
1351 1820 1455 1905 uites
1477 1823 1600 1911 Con·-

199 1919 452 2028 lmtinianoe
474 1918 791 2043 quodammodo
812 1928 992 2012 revixisse
1008 1929 1047 2010 in
1068 1928 1252 2039 Hispania
1279 1847 1466 2042 redempt
1485 1937 1591 2026 Scri·

196 2051 330 2232 gom
350 2094 366 2136 ,
398 2062 479 2147 qua
497 2032 549 2122 de
567 2036 682 2124 causa
699 2036 881 2155 Equites,
900 2042 968 2151 qui
997 2039 1191 2155 Qetcua
1221 2038 1489 2158 dicebantur,
1518 2049 1590 2142 de·

227 2166 366 2242 lerunt.
1455 2188 1457 2194 ’
1608 2196 1610 2200 ’

610 2369 614 2378 .
800 2297 977 2385 xcvnr.

472 2548 482 2572 =
595 2471 860 2642 &quarti
909 2481 1170 2654 Remigii.

183 2733 465 2949 Postquam
484 2733 741 2824 &Germanis
761 2735 973 2823 visionam
993 2735 1185 2820 retulisset
1206 2730 1462 2823 Clodovaeus
1473 2729 1582 2850 apud

285 2852 450 2936 Remos
470 2881 494 2937 a
519 2854 558 2937 S.
584 2853 774 2963 Remigio
789 2852 881 2954 'ejus
897 2845 1020 2934 Urbis
1042 2850 1242 2960 Episcopo
1274 2844 1506 2939 Christiania
1523 2855 1580 2941 sa·
1665 2931 1668 2937 ,

182 2968 261 3055 cria
279 2966 462 3051 initiatus
483 2961 609 3052 fidem
636 2964 882 3050 catholicam
914 2962 1121 3073 amplexus
1146 2957 1225 3050 fuit
1242 2990 1358 3051 anno
1380 2972 1477 3069 496.
1530 2968 1592 3055 Et.

181 3106 277 3168 tum
300 3081 386 3170 ab.
405 3080 621 3194 Remigio,
648 3081 849 3190 Episcopo
873 3077 1063 3162 Remensr
1088 3076 1199 3161 sacto
1222 3073 1320 3161 oleo
1346 3078 1486 3192 inungi
1506 3077 1580 3166 de·

181 3190 318 3297 beret,
342 3192 515 3278 coelestis
535 3193 675 3305 Aliger
696 3192 808 3275 illum
830 3189 974 3274 detulit
995 3191 1036 3272 in
1063 3185 1249 3300 ampulla.
1312 3188 1367 3272 Ut
1383 3189 1462 3276 tale
1480 3219 1581 3301 por.

179 3332 345 3398 tentum
366 3308 586 3392 memoriae
621 3308 879 3390 Posterorum
910 3299 1124 3387 mandaret
1150 3298 1433 3405 clodovaeus,
1466 3304 1579 3391 ordi·

181 3450 279 3509 nem
299 3422 490 3535 Equitum
507 3421 691 3520 instituit,
721 3444 827 3527 quos
850 3415 970 3524 sachae
996 3413 1217 3523 Ampullae‚
1248 3416 1315 3502 seu
1340 3416 1379 3501 S.
1401 3415 1579 3532 Remigii

179 3533 415 3624 nominavit
443 3536 551 3620 circa
575 3561 727 3619 annum
744 3559 841 3635 499.
865 3531 1077 3638 postquam
1097 3529 1138 3613 in
1158 3530 1271 3616 sacro
1288 3523 1409 3616 fonte
1430 3528 1578 3640 baptist

181 3652 303 3736 matis
323 3643 484 3734 ablutus
503 3640 590 3733 fuit
650 3646 844 3759 Quatuor
859 3637 1002 3726 enhoc
1022 3638 1167 3727 ordine
1183 3639 1328 3728 deleili
1346 3643 1577 3734 Antistitern

183 3764 338 3849 lacrum
360 3763 635 3861 comitantur,
663 3785 758 3842 curn
777 3758 927 3840 sacram
952 3751 1185 3861 Ampullam
1215 3750 1239 3840 ὲ
1271 3753 1452 3840 custodia
1469 3761 1575 3842 ucci-

185 3879 259 3986 pit,
290 3898 337 3960 ut
358 3873 583 3961 Galliarum
601 3875 738 3984 Reges
757 3869 824 3953 tali
840 3867 939 3952 oleo
963 3868 1221 3979 inungantur.
1279 3869 1324 3953 ln
1342 3863 1576 3981 Emblema·

186 4010 238 4092 te,
269 3987 385 4100 quod
408 3982 651 4098 ptaeferunt,
670 3985 755 4090 duo
768 3983 920 4090 stipites
939 3982 1063 4064 ramis
1082 3990 1122 4065 δι
1139 3975 1252 4068 foliis
1275 3975 1409 4067 orbati
1434 3984 1575 4073 suntin

187 4095 364 4190 formam
382 4103 515 4187 crucis
539 4099 729 4210 dispositi,
755 4122 905 4183 manus
933 4094 1092 4204 insuper
1109 4095 1326 4205 ampullam
1343 4115 1492 4182 tenens
1509 4099 1576 4184 cui

190 4214 370 4302 inminet
384 4210 604 4302 columba.
631 4212 822 4322 Spiritum
836 4205 1040 4308 lSaniium
1060 4207 1275 4309 indicans,
1303 4211 1576 4303 sicutnumer.

194 4343 250 4424 88.
270 4330 547 4443 repraesentat.
605 4319 917 4411 Advertendum
936 4342 1074 4404 tamen
1099 4323 1156 4403 est
1180 4347 1275 4403 cum
1299 4320 1443 4426 Equite
1461 4321 1574 4422 lulli-

193 4443 303 4534 nlano
322 4506 345 4549 ‚.
371 4440 437 4530 his
471 4436 682 4551 Equitibus
709 4439 775 4521 seu
802 4435 910 4517 Viris
929 4426 1136 4516 nobilibus
1154 4433 1343 4516 ordinem
1354 4429 1575 4521 militarem

193 4580 267 4643 nun
285 4559 489 4656 constitui,
512 4555 579 4643 sed
591 4554 684 4639 illos
693 4544 875 4663 pluribus
888 4547 973 4631 aliis
988 4543 1233 4634 antecellere
1247 4540 1299 4632 ab
1308 4546 1418 4634 suam
1438 4543 1574 4661 digni-
1668 4574 1674 4600 ¹

194 4687 421 4805 latem2qua
439 4673 533 4785 ipfia
553 4667 635 4756 tale
654 4688 810 4775 munus
828 4659 1093 4750 commissum
1106 4661 1176 4752 est.

964 5022 999 5108 Κ
1025 5044 1048 5125 3
1430 5012 1569 5104 XCIX.
