3492 5975
155 1252 228 1328 cum
239 1241 276 1326 se
286 1242 384 1326 Deo
400 1234 799 1323 commendaverint,
823 1238 861 1324 se
874 1232 1119 1339 abluunt'ut
1137 1229 1334 1344 deinceps
1351 1251 1533 1339 corpore

151 1346 498 1442 &animomundo
511 1349 591 1435 else
606 1346 1048 1436 admoneanturMane
1069 1348 1534 1433 instrumentorummu·

149 1466 426 1554 icommsono
441 1464 679 1574 excitantur,
694 1459 946 1574 easdemque
963 1459 1292 1551 vestesinduunt.
1326 1456 1535 1543 TuncAn-

147 1569 1537 1695 gliaeMarescallua‚&aliiaRegeconstituti,eisjusiurandumpropo·

143 1715 251 1796 nunt,
267 1716 353 1803 quo
364 1693 505 1798 Deum
518 1686 659 1794 colere
674 1689 790 1801 supra
807 1687 1219 1799 omniapromittant,
1236 1680 1534 1774 Ecclesiamde·

144 1802 329 1907 studere,
346 1802 509 1918 Regem
525 1799 753 1907 honorare,
766 1801 951 1912 justitiam
960 1826 1238 1914 propugnare,
1251 1797 1420 1902 Viduas,
1440 1795 1538 1883 Vir·

141 1921 268 2035 gines,
286 1930 328 2006 δι
346 1910 577 2027 Orphanos
597 1915 716 2004 tueri·
772 1915 875 2005 Haec
889 1941 985 2001 cum
1002 1912 1405 2023 juraverinnmusrcis
1426 1937 1539 2018 prae·

143 2028 385 2120 cedentibus
403 2025 591 2116 cubicula
608 2046 818 2142 repetunt,
837 2023 907 2113 ubi
926 2026 1163 2136 Eremiticas
1183 2029 1315 2113 vestes
1331 2026 1437 2112 exuti
1459 2025 1542 2110 cla-'

142 2145 311 2261 nydem
321 2143 576 2258 olosericam,
593 2143 753 2243 Ensem,
770 2139 954 2275 galemm
968 2137 1186 2255 candidum
1198 2136 1378 2226 candidis
1388 2138 1541 2248 plumis

143 2280 336 2346 ornatum
354 2253 543 2362 induunt,
564 2257 703 2369 Enuoa
728 2251 895 2374 derude,
913 2250 1004 2342 sella
1023 2263 1064 2344 δι
1089 2249 1266 2364 ephipiis
1275 2247 1457 2368 ¹pellibus
1473 2253 1539 2338 ni-

187 2375 221 2459 'a
241 2383 285 2458 δε
304 2365 406 2457 albis
423 2391 672 2475 exornatos,
702 2379 748 2470 de¹
768 2392 891 2456 cruce
914 2361 1043 2460 fronti
1062 2363 1225 2480 praelixa
1246 2361 1543 2455 conscendunt

143 2399 248 2572 ffite
270 2482 449 2598 singulos
465 2483 621 2572 Allecla
638 2487 766 2599 gestat
779 2478 958 2597 gladium
979 2479 1127 2592 capulo
1138 2483 1350 2585 inaurato,
1377 2475 1430 2567 de
1452 2507 1539 2590 quo

144 2596 328 2710 pendent
343 2595 740 2685 anreacalcariaflac
752 2623 911 2709 pompa
928 2591 1038 2682 tubis
1055 2588 1368 2705 personantibus
1390 2591 1441 2678 ad
1458 2595 1542 2682 Re·

143 2707 679 2914 creantur
692 2700 1542 2936 {irrutilant

147 2935 297 3031 cellum
311 2936 468 3024 sacrum
488 2934 655 3042 adeunt,
669 2931 740 3023 ubi
759 2931 939 3052 gladium
961 2936 1078 3048 supra
1102 2933 1224 3025 altare
1246 2934 1478 3047 deponunt,
1494 2931 1545 3023 il-

147 3047 329 3161 lnmque,
342 3048 445 3157 dato,
457 3054 610 3163 pretio,
618 3048 837 3141 redimunt
864 3050 944 3136 Die
966 3048 1263 3139 coronationis
1285 3050 1410 3164 Regis
1427 3048 1547 3165 illum
1615 3146 1620 3153 ¹

148 3168 413 3263 comitantur,
430 3161 618 3275 clamyde
631 3161 806 3253 caerulea
823 3158 970 3262 induti,
991 3171 1033 3248 ὅ(
1046 3160 1163 3248 nodo
1182 3188 1229 3250 ex
1243 3160 1338 3249 albo
1359 3165 1486 3249 serico
1499 3165 1545 3253 in

149 3272 329 3363 sormam
354 3279 486 3364 crucia
510 3276 733 3365 efformato
749 3276 1010 3386 cumcupitio
1032 3270 1313 3365 adnumerum
1329 3276 1545 3365 sinistrum,

149 3389 222 3476 Pro
236 3390 385 3478 tessera
399 3389 531 3479 solent
548 3411 632 3477 tres
650 3416 793 3477 aureas
812 3415 993 3487 coronas
1010 3389 1052 3475 in
1073 3386 1177 3476 orbe
1197 3416 1324 3477 aureo
1342 3391 1546 3500 expressae

151 3497 456 3606 habere,addita
473 3500 552 3590 hac
568 3501 910 3617 scriptionezsria
930 3505 973 3582 in
986 3530 1117 3591 unum,
1128 3504 1352 3591 &Laciniae
1373 3528 1420 3590 ex
1437 3498 1544 3590 bisso

151 3641 359 3726 purpureo
383 3615 579 3727 appensas
587 3610 807 3817 graeferre.
834 3616 973 3707 Cerne
994 3614 1219 3731 imaginem
1235 3627 1276 3703 ἀ
1295 3612 1365 3703 sub
1385 3643 1486 3704 num
1506 3647 1544 3723 9.

151 3730 374 3843 insignium.
395 3730 516 3845 Hunc
536 3758 585 3817 or
615 3736 726 3818 inem
737 3728 952 3816 exolevisse
963 3753 1097 3817 narrat
1108 3728 1350 3818 Guilielmus
1362 3728 1545 3818 Camde-

152 3844 241 3935 nus.
279 3837 387 3930 Vide
401 3843 652 3930 Franciscum
672 3840 776 3930 Redi
795 3844 837 3927 in
849 3838 1316 3944 Adnotationibuelibrl,
1330 3838 1549 3939 cuiti'tulud

152 3960 225 4048 este
245 3954 740 4079 Baccojinsoseanarpag.
758 3984 849 4060 149.
864 3951 934 4041 ubi
947 3957 1086 4045 varioa
1100 3959 1207 4047 ritua
1228 3950 1373 4063 refert,
1389 3950 1549 4069 quibui·

154 4065 353 4182 eiusmodi
369 4069 910 4169 militeainEtruriainllicuti
925 4064 1109 4170 fur-ne
1207 4184 1209 4189 Ι
1468 4128 1472 4133 -

609 4370 611 4375 ,
814 4314 883 4410 XL

282 4466 489 4649 -Equcr
517 4469 710 4605 Binda
757 4472 931 4607 disus
984 4482 1073 4613 in.
1097 4470 1402 4655 :Hispaniae
1464 4466 1469 4477 ’
1553 4542 1558 4551 ·

154 4674 334 4897 Mos
349 4672 450 4779 'olim
463 4660 812 4821 idluspmla'erat,
829 4658 1244 4817 utEquitesTyronna
1254 4658 1474 4809 antequam
1483 4692 1545 4781 in·
1560 4744 1575 4753 -=

292 4818 358 4886 ter
374 4802 539 4915 Equites
555 4830 878 4921 cooptarentur,
899 4840 980 4899 una
995 4814 1119 4900 nolle
1139 4813 1379 4927 vigilarent,
1393 4822 1435 4897 δι
1449 4828 1558 4895 ante.

151 4900 284 5009 ditate
296 4910 491 5034 depositis
503 4924 627 5013 armis
643 4921 812 5012 nollem
831 4921 1088 5124 oratignibus
1107 4926 1382 5030 traducerent,
1406 4922 1560 5034 poste·'

1412 5056 1547 5147 toque
