3492 5975
209 1087 305 1165 ru—
594 1061 598 1068 ’
778 1051 1059 1169 Mi&

208 1175 783 1196 -r-u—w--n—-u—
791 1185 798 1190 .
816 1180 999 1193 ...αι-ιω·-
1007 1173 1610 1199 ...ι-Μ

197 1213 288 1296 snm
309 1208 429 1314 hujus
447 1210 705 1295 institutionis
723 1203 836 1295 fuisse
861 1205 1047 1296 referunt
1081 1206 1268 1317 querelas
1299 1202 1500 1293 nobilium
1527 1202 1609 1295 foe.

205 1327 411 1410 minarum
433 1321 535 1434 Regi
559 1320 712 1410 delatas
739 1345 884 1408 contra
913 1351 1015 1423 eos,
1059 1327 1125 1432 qui
1147 1324 1247 1431 ipsas
1269 1323 1437 1431 impune
1459 1345 1610 1409 conte·

199 1433 417 1523 mnebant
457 1437 535 1520 lllis
557 1431 687 1521 fretus
704 1437 1132 1522 MarescallusBoveut
1153 1435 1265 1524 srmul
1279 1464 1374 1520 cum
1396 1435 1481 1522 aliis
1506 1436 1610 1524 duo·

198 1550 342 1636 decim
369 1578 515 1634 earum
548 1549 718 1635 tutelam
749 1553 908 1662 excepit
942 1547 1006 1634 lris
1038 1545 1348 1635 conditionibus
1389 1544 1610 1658 firmatam,

199 1662 357 1774 primo,
370 1683 418 1748 ut
440 1690 581 1748 earum
605 1658 730 1765 bona,
746 1675 785 1750 &
807 1661 1018 1749 honorem
1041 1665 1133 1749 ense
1154 1655 1443 1765 defenderent,
1465 1664 1610 1751 secun·

185 1771 278 1878 ‘'db,
300 1778 488 1862 utatmis
509 1775 821 1885 responderent,
841 1805 937 1864 cum
957 1776 1008 1862 ad
1027 1775 1221 1887 singulare
1238 1797 1449 1863 certamen
1466 1805 1610 1866 earum

200 1892 320 1976 causa
339 1911 684 1999 provocarentur,
709 1888 849 1993 tertib,
878 1913 923 1977 ut
943 1892 1067 1979 alium
1083 1886 1382 1989 substituerent,
1411 1918 1508 1975 cum
1524 1892 1610 2002 ipsr·

205 2024 295 2089 met
317 2002 564 2115 respondere
585 2030 673 2089 non
692 2005 867 2113 possent,
892 2003 1054 2119 quartb,
1074 2027 1118 2089 ut
1137 2006 1268 2089 statim
1292 2007 1610 2114 accurrerentin

207 2144 349 2203 earum
382 2118 585 2216 auxilium,
617 2120 643 2201 sr
672 2119 803 2228 aliqua
833 2144 881 2204 ex
908 2119 1043 2212 illisin
1061 2120 1159 2206 vitae
1185 2116 1415 2219 discrimen,
1452 2116 1521 2206 vel
1537 2147 1610 2232 pu·

152 2334 155 2341 ¹
202 2258 332 2342 gnam
348 2226 405 2316 ab
425 2229 500 2316 alio
523 2254 837 2339 provocaretur,
898 2233 982 2318 Has
1014 2229 1278 2319 conditiones
1306 2224 1489 2337 primlrm
1513 2254 1610 2326 ente

204 2370 358 2430 omnes
381 2340 623 2453 approbasse
648 2339 834 2431 referunt
854 2345 1051 2435 Carolum
1070 2341 1284 2431 Albertum
1293 2344 1417 2457 Regis
1437 2348 1610 2436 consan-

206 2458 420 2567 guineum.
474 2458 560 2542 Cur
575 2458 717 2543 Parma
737 2460 875 2547 viridis
895 2489 972 2572 pro
989 2463 1140 2573 infigne
1160 2452 1285 2547 fuerit
1314 2458 1459 2563 eles-la,
1474 2463 1610 2549 nesci·

164 2651 169 2659 .
205 2597 314 2669 mus,
354 2564 534 2671 fortasse,
555 2593 600 2655 ut
619 2568 919 2661 Defensronem
938 2572 1242 2689 fignificarent3
1280 2572 1427 2660 scimus
1450 2595 1609 2687 tamen,

205 2678 314 2773 hanc
334 2684 523 2794 Equitum
544 2682 707 2774 classem
725 2682 842 2774 brevi
863 2709 1055 2800 tempore
1076 2685 1294 2783 evanuisse.

428 2973 612 3138 Eques
675 2840 1107 3153 PaffibblilssXJesu
1166 2970 1384 3145 Christi.

307 3181 389 3266 Um
412 3181 550 3270 Terrae
583 3183 739 3268 Sanllae
786 3181 878 3266 loca
922 3177 1109 3265 lnfidcles
1143 3174 1295 3290 ubique
1340 3193 1609 3287 occuparent,

337 3293 483 3395 Christi
505 3294 694 3385 fidelibus
721 3294 912 3406 expulsis,
958 3298 1021 3380 vix
1052 3321 1201 3379 eorum
1232 3294 1395 3403 vestigia
1417 3317 1609 3378 remane·

208 3405 324 3510 bant,
354 3436 451 3495 uam
476 3432 521 3495 ut
542 3412 757 3520 mancipia,
791 3435 879 3495 non
911 3430 957 3491 ut
978 3407 1131 3492 Incolae
1151 3407 1228 3492 illic
1249 3409 1365 3512 pauci
1386 3400 1609 3517 degebant.

209 3522 595 3633 Ctimqueinterim
626 3524 832 3632 Principes
863 3522 1039 3630 Europae
1063 3518 1172 3604 bella
1196 3514 1426 3606 infidelibus
1454 3511 1610 3608 inferre

208 3634 520 3739 meditarentur,
542 3637 833 3725 utPalestinam
855 3630 905 3718 ab
934 3638 992 3718 eis
1025 3635 1246 3741 eriperent,
1275 3632 1464 3718 Sultanus
1485 3632 1610 3744 AEgy·

209 3752 267 3860 pti
290 3776 400 3836 anno
426 3759 543 3852 1306.
574 3780 628 3838 ne
665 3750 774 3835 malo
802 3743 869 3832 srbi
894 3749 1125 3831 imminenti
1144 3743 1447 3848 succumberet,
1478 3749 1610 3830 custo-

209 3859 318 3950 diam
339 3865 406 3958 SS.
426 3860 636 3974 Sepulchri
657 3858 857 3949 Fratribus
882 3862 920 3946 S.
951 3860 1155 3961 Francisci,
1180 3859 1232 3947 de
1259 3857 1516 3947 observantia
1551 3857 1610 3947 di·

211 3976 299 4079 uis,
315 3980 532 4069 eommifit.
590 3980 714 4063 Anno
745 3974 894 4061 deinde
915 3991 1042 4078 1380.
1058 3973 1258 4060 Riccardo
1284 3974 1459 4084 Angliae,
1480 3984 1520 4059 δι
1534 3973 1610 4060 Ca·

210 4089 302 4175 tolo
327 4091 395 4175 Vl.
421 4088 641 4176 Galliarum
666 4084 863 4203 Regibus,
892 4089 1044 4197 cupido
1077 4080 1238 4174 inteffit
1265 4089 1450 4195 eiusdem
1470 4085 1610 4173 Terrae

208 4203 366 4290 Santiae
393 4202 700 4316 recuperandae.
760 4196 1053 4317 Qamobrem
1081 4197 1266 4288 referunt
1292 4198 1524 4297 Authorcs‚
1557 4196 1610 4285 ab

210 4320 302 4428 ipsrs
320 4320 544 4431 institutum
563 4313 909 4405 fuiffemilitarem
929 4315 1119 4402 ordinem
1139 4317 1180 4400 in
1200 4307 1610 4401 memoriamPaffio-

209 4435 273 4518 nis
295 4434 547 4537 Dominicae,
563 4434 676 4542 cujus
695 4457 825 4542 opera
845 4430 943 4518 vitia
958 4426 1011 4515 ab
1032 4431 1210 4516 exercitu
1232 4433 1541 4539 extirparentur,
1564 4446 1610 4517 ut

206 4539 366 4632 facilius
396 4543 466 4632 fibi
491 4546 646 4633 aditum
682 4544 732 4634 ad
764 4571 872 4654 opus
904 4565 1062 4630 caetero
1089 4544 1186 4654 quin
1217 4539 1389 4629 arduum
1419 4542 1610 4653 aperiret,

206 4659 376 4769 Equites
398 4664 442 4747 in
464 4656 717 4770 solemnibus
746 4655 977 4746 allionibus
1003 4659 1158 4743 vestem
1186 4657 1371 4743 ciaoeam
1393 4650 1610 4770 gerebant.

211 4773 316 4861 ultra
336 4800 471 4888 genua
490 4773 749 4885 produllam,
768 4775 876 4860 circa
895 4767 1064 4857 lumbos
1091 4768 1256 4887 cingulo
1277 4770 1404 4857 serico
1438 4770 1610 4880 praecin·

158 4922 170 4933 ’·
209 4887 334 4989 dam.
391 4888 529 5002 Caput
541 4883 670 4982 rubro
685 4889 851 5003 caputio
864 4880 1095 5002 tegebatur,
1109 4911 1281 5005 toppum
1294 4879 1430 4978 albam
1447 4883 1610 5088 lanppffi
