3492 5975
209 1095 1622 1262 tt............'.9.·...................

212 1385 219 1422 ἶ
295 1405 472 1596 Equos
526 1429 740 1610 (Jinelae
777 1296 1173 1607 srbwlflldujlelae
1220 1431 1283 1557 in
1340 1430 1545 1555 Gallia.

315 1627 466 1720 Arolos
486 1631 623 1721 Tuder
642 1617 721 1722 live
737 1613 952 1724 Martellua
969 1633 993 1720 ai
1009 1632 1203 1722 Martello
1225 1641 1266 1720 ἃ
1280 1625 1535 1717 Martialibus
1543 1654 1621 1743 ge·

215 1841 218 1846 ¹
311 1743 407 1831 *urs
433 1755 592 1835 nomen
619 1749 781 1837 sortitus
806 1749 1059 1860 Equestrium
1082 1745 1276 1834 ordinum
1305 1742 1384 1830 fuit
1401 1736 1622 1830 amantilli·

210 1857 322 1959 dtur,
335 1856 524 1972 adeoque
547 1865 791 1950 annulorum
814 1861 1152 1964 usum,Romanis
1170 1855 1382 1975 Equitibur
1401 1856 1502 1944 olim
1520 1882 1622 1968 pro-

212 1969 416 2081 oriamur
434 1973 613 2088 lmperio
627 1973 789 2065 Gallico
802 1974 1285 2092 renovavincollegitque
1301 1967 1487 2058 nobiem
1502 1970 1621 2080 Equi·

214 2100 308 2170 tum
336 2104 579 2194 numerum,
611 2088 759 2201 quibus
776 2090 943 2179 Ginetae
967 2092 991 2175 s
1009 2084 1200 2176 mbolum
1224 2084 1439 2174 annulis&
1460 2082 1622 2193 torqui,

213 2185 296 2284 but
314 2199 555 2313 insculptum
576 2199 885 2314 praeferendum
905 2205 956 2292 de
988 2205 1030 2289 it.
1091 2201 1398 2303 Huiuslnllituti
1420 2198 1546 2287 variae
1567 2190 1627 2283 ab

213 2306 471 2400 luthoribua
492 2311 726 2403 referuntur
743 2320 947 2413 rationes:
961 2318 1091 2430 Aliqui
1108 2310 1513 2420 affirmaneortumd
1527 2335 1619 2396 me·

216 2421 409 2511 motabili
430 2427 616 2535 vitioria,
643 2431 845 2542 quamde
875 2432 1086 2519 Saracenis
1125 2429 1301 2516 Carolus
1321 2426 1475 2527 retulit,
1509 2419 1622 2621 apud

217 2529 463 2640 Turonium,
489 2546 720 2655 postquam
741 2540 951 2632 nobilibus
963 2546 1086 2649 Viris,
1101 2544 1168 2654 qui
1186 2546 1226 2627 in
1249 2538 1395 2653 praelio
1416 2541 1523 2625 inter
1545 2564 1620 2638 ue·

219 2655 343 2751 iant,
375 2654 542 2743 Ginetae
564 2683 722 2744 nomen
752 2669 792 2745 ot
825 2656 1058 2773 symbolum
1080 2655 1250 2744 maculis
1272 2656 1397 2769 nigris
1422 2652 1623 2761 aspersum

220 2758 408 2869 donavit,
423 2792 466 2852 ut
477 2771 698 2883 posteritati
715 2797 864 2857 notum
881 2773 1036 2874 eliense
1056 2798 1150 2858 eam
1168 2792 1340 2882 gentem
1352 2764 1402 2851 ad
1413 2767 1625 2853 interitum

219 2872 463 2979 debellasse,
524 2913 589 2969 uae
606 2885 647 2969 in
670 2884 851 2995 partibus
869 2888 945 2972 illis
959 2887 1158 2996 llirpaniae
1173 2885 1339 2970 Ginetae
1356 2881 1479 2989 copia
1497 2875 1623 2963 nobi-

223 2982 384 3124 lillimae
403 2997 445 3113 in
460 2915 683 3085 Cbrilliani
708 2996 891 3089 nominis
912 3002 1138 3112 perniciem
1161 2993 1344 3088 vivebat.
1402 2996 1463 3081 Ell
1482 3017 1625 3080 autem

220 3100 432 3227 Grnetain
446 3104 650 3246 Hispania,
662 3113 848 3199 Mustelae
869 3106 1017 3227 gebus,
1044 3114 1194 3224 pellem
1211 3107 1377 3246 habens·
1392 3109 1539 3244 partim
1559 3108 1625 3245 ni:

218 3216 1626 3452 llillibell2¹”illudilllrllllll‘llllslltl:

221 3441 478 3556 Principibus
490 3452 598 3537 Vitia
626 3450 1030 3541 commendabilem:
1066 3454 1143 3538 Alii
1159 3455 1312 3552 dicunt,
1333 3446 1625 3534 animalculunt

222 3554 322 3644 illud
344 3565 481 3671 torqui
511 3564 781 3674 appendill'e,
809 3589 856 3650 ut
871 3571 959 3674 eiua
987 3569 1211 3676 inquietam
1229 3565 1490 3649 vivacitatem
1507 3561 1626 3674 Equi·

222 3676 291 3760 eea
310 3675 568 3779 aemularent,
592 3679 635 3766 in
655 3677 905 3790 expellendis
925 3678 949 3767 a
974 3680 1103 3768 Gallia
1124 3678 1277 3763 Mauris
1298 3687 1337 3762 δι
1355 3670 1437 3760 fide
1457 3677 1627 3772 tuenda,

219 3784 373 3874 Floruit
387 3784 455 3876 hic
472 3790 580 3877 ordo
598 3796 721 3905 usque
749 3791 800 3881 ad
822 3815 1014 3903 tempora
1038 3793 1078 3876 S.
1092 3788 1291 3877 Ludovici
1310 3788 1532 3875 Galliarum
1544 3789 1626 3875 Re·

218 3902 301 4012 gia.
357 3904 411 3985 At
429 3907 570 4016 postea
591 3900 957 4001 omninb‘defecit,
1000 3906 1142 3991 Militis
1164 3900 1340 4019 figuram
1361 3903 1622 4018 exponimur

222 4031 428 4102 umatum
447 4028 503 4106 eo'
524 4038 677 4133 torque
696 4023 947 4137 infignitum,
965 4019 1173 4111 delineare
1183 4017 1253 4110 sub
1266 4045 1309 4115 n.
1323 4044 1393 4124 43.

226 4370 417 4544 Equus
454 4372 628 4513 didus
688 4238 1048 4560 Harpddbxrrir
1093 4384 1282 4511 italici
1316 4372 1623 4511 Arcelaio.

327 4604 410 4689 Um
426 4578 549 4692 'anno
571 4624 727 4713 1388·e
746 4612 828 4697 vita
850 4603 1077 4698 deceffirset
1097 4602 1272 4693 Carolus
1292 4602 1355 4688 lll.
1365 4592 1629 4713 Neapolitani

353 4719 485 4832 Regni
514 4724 618 4820 Dur,
641 4733 680 4809 ει
708 4725 794 4831 eine
827 4724 960 4811 Vidua
978 4724 1211 4833 Margareta
1232 4720 1448 4829 inspiceret
1473 4707 1631 4802 dissidia

227 4828 383 4919 oborta
427 4831 485 4916 ob
514 4840 738 4923 tentamina
762 4839 961 4924 Ludovici
997 4834 1328 4948 Andegavensrs,
1371 4831 1438 4942 qui
1460 4829 1631 4916 clavum

226 4946 549 5065 Regularripere
565 4947 818 5062 conabatur,
859 4973 907 5043 ut
925 4952 1023 5044 vitae
1049 4947 1232 5064 pericula
1255 4946 1425 5053 vitaret,
1473 4941 1525 5075 ad
1548 4943 1632 5028 Ca·

234 5084 236 5088 ’
1505 5078 1634 5169 tetam
