3492 5975
193 1209 569 1342 CuritffiRcbus
585 1244 818 1354 Aragoniae,
849 1245 964 1347 cuius
990 1242 1178 1329 tesseram
1201 1243 1280 1352 ipse
1300 1245 1384 1328 Rex
1405 1272 1501 1329 cum
1526 1244 1603 1331 ali·

195 1387 299 1478 quot
318 1360 404 1445 aliis
421 1361 570 1442 virtute
593 1354 805 1442 illustribus
826 1359 922 1441 viris
939 1359 980 1441 in
997 1358 1172 1465 Templo
1194 1359 1230 1441 S·
1244 1359 1389 1442 Mariae
1404 1360 1604 1472 Antiquae

193 1480 237 1565 in
262 1474 425 1584 'oppido
450 1468 696 1583 Methynnae
717 1472 956 1577 Campensrs
982 1473 1060 1555 ritu
1080 1470 1253 1576 solemni
1268 1472 1446 1581 suscepit.
1506 1476 1604 1564 Erat

194 1590 264 1695 illa
281 1589 483 1698 Torques,
500 1614 548 1671 err
566 1585 716 1694 duplici
733 1587 823 1671 vase
838 1587 1107 1693 compofitus,
1125 1611 1173 1671 ex
1189 1613 1273 1695 quo
1288 1587 1429 1699 imago
1447 1588 1493 1675 B.
1505 1589 1603 1674 Vir-

194 1705 302 1820 ginis
324 1698 559 1814 pendebatt
592 1726 640 1784 err
656 1702 748 1785 vase
763 1694 956 1808 prodibat
975 1700 1135 1799 lilium,
1151 1701 1309 1809 insuper
1327 1702 1466 1787 eidem
1489 1701 1603 1815 Gry-⁴

127 1843 130 1848 ’
194 1809 657 1932 phusconnetlebatur.
716 1815 859 1897 lilium
882 1835 1019 1897 autem
1047 1809 1374 1921 pulchritudinis,
1402 1814 1603 1904 candoris

193 1942 236 2020 δι
254 1921 452 2038 periistis,
472 1926 652 2036 ideoque
672 1927 767 2011 Deo
787 1946 950 2038 gratum
975 1930 1031 2011 est
1059 1923 1309 2038 symbolum,
1341 1940 1382 2014 &
1402 1928 1480 2016 flos
1501 1929 1602 2017 Vir-

194 2047 301 2161 ginis
324 2042 430 2129 solet
444 2039 652 2151 appellari.
713 2035 908 2151 Gryphus
920 2065 1026 2125 vero
1044 2065 1091 2125 ex
1103 2041 1244 2149 Aquila
1262 2041 1455 2131 &Leone
1475 2069 1602 2132 com·

194 2161 375 2273 posrtum
392 2153 554 2254 animal,
579 2174 622 2236 ut
639 2147 874 2237 fabulantur
891 2154 1048 2253 Poetae,
1058 2153 1312 2240 simulacrum
1331 2159 1387 2242 est
1405 2160 1603 2270 generoli

194 2284 237 2362 dt
266 2271 405 2383 'magni
435 2269 575 2357 animi.
626 2268 747 2352 Hunc
776 2267 968 2373 Equitum
999 2266 1206 2354 Ordinem
1242 2268 1371 2382 vulgo
1398 2275 1603 2362 vocaturn

195 2383 311 2474 fuiss'e
335 2383 544 2467 Ordinem
562 2381 759 2466 liliorum
776 2380 1056 2491 lieronymus
1075 2381 1290 2468 Romanus
1311 2381 1464 2478 retulit.
1505 2383 1603 2494 Εἰπὲ

195 2521 338 2590 autem
357 2496 554 2580 institutio
571 2489 760 2579 tribuitur
779 2493 1163 2582 Garciae.Navarrae
1182 2496 1297 2609 Regi.
1338 2497 1522 2608 (Mendo
1539 2522 1604 2588 ta·

194 2637 299 2705 men
318 2606 555 2696 lluthorem
573 2610 665 2713 eius
678 2604 780 2695 facit
795 2608 1001 2693 Sanstium
1017 2605 1110 2712 lV.)
1165 2609 1276 2695 Cum
1294 2616 1406 2699 enim
1426 2612 1603 2703 Garciae

114 2739 117 2750 '
196 2728 293 2838 post
316 2745 527 2835 repertam
550 2725 701 2808 sacram
728 2723 773 2806 B.
788 2722 971 2835 Virginis
997 2722 1238 2834 imaginem,
1270 2753 1364 2834 quae
1385 2726 1536 2813 colitur
1556 2728 1604 2818 in

194 2835 309 2927 Urbe
329 2838 566 2949 Negerensr,
582 2837 876 2922 monasterium
897 2834 1196 2948 Religiosorum
1217 2840 1256 2922 S.
1275 2838 1490 2951 Benedisti
1506 2868 1603 2930 eren

105 3000 110 3005 ·
192 2949 310 3056 x'erit,
331 2949 538 3038 Ordinem
556 2949 792 3060 Equestrem
806 2948 907 3053 lilii,
931 2969 1050 3037 certo
1063 2951 1296 3063 conscripto
1311 2955 1501 3065 Equitum
1522 2982 1603 3043 ntr-

192 3064 343 3171 mero,
360 3066 528 3165 erexit,
568 3066 670 3150 teste
693 3064 818 3151 Petro
837 3061 1027 3178 Beloyo,
1071 3083 1117 3154 et
1143 3065 1372 3177 supraditto
1390 3068 1602 3185 assumpto

192 3177 457 3271 Emblemate.
470 3180 607 3265 velles
619 3178 811 3289 Equitum
825 3175 930 3281 liliis,
939 3206 1015 3263 acu
1030 3174 1266 3283 elaboratis,
1286 3183 1460 3296 insigniri
1479 3211 1602 3272 man·

194 3295 320 3384 davit.
377 3293 588 3402 Torquem
616 3293 875 3402 expoliaimus
905 3287 979 3378 sub
1003 3319 1121 3389 num.
1140 3300 1207 3405 66.
1266 3295 1452 3382 Vocatur
1470 3301 1604 3387 etiarn

194 3428 306 3521 voce
324 3403 528 3516 hispanica
550 3401 591 3488 di
609 3406 649 3494 S.
669 3406 800 3492 M'aria
815 3402 921 3492 della
938 3406 1042 3510 lira,
1071 3435 1150 3518 qua
1173 3433 1285 3496 voce
1309 3436 1383 3497 vas
1404 3407 1602 3525 fignifica-

194 3542 277 3611 tur.
329 3515 513 3605 Vivebat
525 3511 596 3601 lirb
616 3518 772 3631 Regula
789 3519 827 3601 S.
844 3518 988 3633 Basilii,
1003 3522 1097 3628 ejus
1108 3517 1204 3605 finis
1222 3545 1312 3608 erat
1332 3517 1519 3610 defensro
1540 3526 1604 3611 Fr-

194 3634 262 3722 dei
281 3627 585 3734 christiam&
602 3630 776 3744 quisque
793 3625 1014 3718 tenebatur
1035 3630 1221 3742 quotidie
1242 3639 1414 3722 recitare
1434 3659 1603 3729 certum

193 3769 419 3838 numerum
435 3746 673 3835 Dominieae
696 3746 912 3852 orationis,
929 3756 971 3833 dc
989 3745 1248 3836 salutationis
1266 3750 1495 3865 Angelicae.

206 4126 282 4269 ³⁹.
298 4119 300 4123 ·
459 4095 645 4261 Eques
703 4089 768 4226 S.
807 3959 1026 4228 ,ἢ
1077 4094 1324 4276 Rosarii.

300 4346 386 4434 Um
412 4349 456 4443 S.
475 4346 706 4438 Petriarcha
723 4350 974 4437 Dominicus
991 4349 1269 4468 Albigenlium
1287 4353 1604 4448 Haereticonrm

331 4490 500 4550 errores
526 4466 720 4552 euincere
746 4459 1037 4570 concionibus,
1066 4479 1108 4554 ὅτ
1139 4465 1333 4579 precibus
1358 4493 1602 4591 conaretur,

196 4575 436 4692 eorundem
446 4576 723 4690 pervicacium
736 4579 862 4665 armis
878 4583 1005 4665 etiam
1019 4577 1140 4671 infrirr¹
1170 4607 1243 4669 ore
1253 4578 1420 4695 ¹studuit.
1478 4583 1602 4693 Cum

87 4732 96 4773 r
197 4711 338 4776 autem
361 4689 501 4779 eidem
518 4690 560 4779 B.
575 4690 711 4808 Virgo
726 4687 1024 4805 tignificaverit,
1040 4690 1114 4782 sibi
1139 4609 1236 4781 fore
1252 4691 1538 4810 gratillimum‚
1566 4702 1602 4788 li

196 4800 472 4890 salutationes
485 4806 705 4921 Angelicas
720 4803 839 4890 smel
853 4833 951 4893 cunr
969 4805 1179 4900 Oratione
1201 4810 1466 4912 Dominicali,
1494 4841 1598 4926 qua·

192 4938 289 5051 rum
309 4938 534 5008 numerum
564 4919 830 5035 praescripfit‚
858 4921 931 5034 qui
960 4924 1136 5016 nornine
1156 4924 1317 5016 Rosarii
1334 4921 1602 5132 ῦςιιίῆεέιὲἔ,
