3492 5975
414 893 419 912 ¹
972 917 978 926 -
1073 911 1088 936 ‚c

192 1091 271 1198 76'
601 1015 1033 1220 Aoo

193 1201 674 1225 μ’*
931 1214 936 1218 .
954 1210 982 1223 -
1009 1195 1551 1226 “**“

194 1232 674 1455 dimisistis
695 1232 1549 1465 riferii&'iidiit‘szidiiit

194 1468 377 1580 tuagints
402 1464 580 1572 quinque
611 1466 811 1566 miiitum,
842 1491 948 1574 quos
981 1467 1149 1552 vocavit
1170 1466 1264 1552 Pios
1285 1464 1551 1574 Participantt

195 1582 352 1690 illisque
373 1601 552 1661 annuam
571 1580 814 1685 pensionem
831 1577 1070 1665 solvendam
1097 1578 1306 1680 decrevit,
1333 1603 1388 1663 eo
1405 1571 1551 1688 quddc

198 1694 250 1780 rii
265 1690 417 1777 milites
434 1708 604 1774 centum
624 1689 858 1804 ostorginta
874 1692 1030 1802 septem
1046 1692 1168 1778 millis
1186 1703 1228 1777 δι
1246 1693 1470 1804 quingenta
1489 1689 1550 1775 set

197 1831 321 1896 cures
344 1828 422 1915 pro
441 1799 629 1888 Ecclesrae
648 1814 688 1891 &
700 1799 908 1890 Pontificis
923 1801 1230 1894 ncceffitatibus
1251 1800 1550 1891 sublevandiso

197 1919 380 2010 tulerint.
439 1914 652 2030 Privilegia
671 1916 969 2031 quamplurima
991 1913 1056 2005 his
1069 1914 1262 2005 miiitibus
1278 1911 1481 2004 conceffit
1489 1917 1550 2005 Po

199 2030 313 2137 tifex,
328 2054 423 2142 quae
440 2029 673 2117 recensetur
684 2032 727 2116 in
748 2030 1051 2120 Constitutione
1072 2035 1138 2112 ‘Pir'
1155 2035 1281 2117 ranis
1298 2027 1476 2137 Alrffni
1490 2025 1549 2118 ed

202 2174 317 2236 anno
351 2168 471 2257 1559.
502 2138 768 2231 Pontificatus
795 2146 946 2255 primo,
969 2147 1077 2232 inter
1107 2143 1314 2257 quaeillud
1343 2166 1454 2239 erat,
1518 2172 1546 2228 u

202 2260 427 2371 adscriptos
447 2253 626 2359 nobiles,
645 2268 686 2345 st
713 2255 829 2343 Aulae
848 2259 1126 2347 Latersnensrs
1143 2262 1324 2348 comites
1343 2173 1550 2346 denuda

201 2376 332 2463 muita
349 2394 490 2459 tamen
511 2372 726 2460 revocavit
742 2373 783 2460 S.
803 2367 991 2460 Pontifex
1009 2373 1101 2460 Pius
1117 2374 1171 2467 V.
1187 2384 1227 2461 δι
1251 2373 1482 2489 Gregorius
1505 2372 1550 2458 X]

203 2490 261 2576 Ut
279 2486 303 2572 i
321 2484 484 2572 caeteris
509 2482 877 2599 dignoscerentur,
918 2487 1119 2574 numisma
1145 2514 1315 2575 aureum
1345 2507 1440 2574 ante
1458 2483 1549 2597 ped

235 2598 437 2690 erendum
466 2600 731 2712 praescripsrt,
774 2599 888 2707 cuius
907 2626 1001 2711 pars
1024 2600 1150 2690 alteru
1171 2603 1396 2716 imaginem
1426 2602 1483 2694 Ι).
1505 2601 1549 2687 m

204 2631 330 2804 {sosii
349 2714 595 2807 ostentaret,
623 2707 749 2800 alteru
770 2709 875 2800 veri>
900 2710 1111 2801 Pontificio
1137 2717 1384 2830 gentilitium
1403 2715 1549 2801 Stemu

206 2852 254 2915 ut
273 2825 424 2912 indicat
439 2851 599 2913 numer.
621 2832 688 2922 86.
742 2824 889 2916 Eidem
908 2826 1099 2942 Collegio
1122 2851 1292 2916 centum
1313 2827 1415 2914 alios
1438 2837 1480 2912 δι
1500 2827 1549 2917 se:

236 2962 320 3028 tnta
341 2938 492 3026 milites
520 2935 674 3027 addidit
703 2937 816 3027 idem
839 2940 935 3028 Pius
970 2942 1262 3031 constitutione
1287 2955 1379 3024 cum
1403 2968 1483 3031 nos.
1509 2969 1549 3056 qr

205 2971 486 3144 {ecimusexts
505 3062 743 3140 numeratur
760 3056 802 3141 in
815 3053 1007 3143 Bullatio.
1065 3055 1174 3143 Cum
1190 3060 1346 3145 vestem
1356 3056 1549 3168 peculiare

209 3171 256 3259 hi
277 3168 426 3255 milites
454 3193 541 3252 non
568 3162 823 3274 habuerint3
856 3171 992 3257 virum
1024 3169 1253 3280 supradiiio
1288 3169 1532 3256 numismate

210 3285 400 3397 signitum
420 3276 489 3367 hic
519 3283 794 3389 exponimus,
818 3309 868 3371 ea
885 3285 997 3372 veste
1017 3283 1222 3392 indutum,
1249 3313 1329 3399 qua
1344 3278 1548 3373 nobilesi

212 3398 325 3485 mani
344 3416 443 3479 tunc
462 3394 665 3506 temporis
681 3390 916 3486 utebantur.

832 3603 995 3702 xcvu.

273 3904 276 3911 ,
326 3765 531 3932 quuer
569 3775 820 3933 Quercus
849 3772 911 3893 in
946 3767 1143 3945 Regno
1191 3768 1535 3902 Navarra.-

220 4018 322 4235 D
354 4011 525 4100 Garcias
548 4012 768 4118 ffimenes,
797 4014 890 4103 Dux
906 4017 992 4129 pari
1019 4013 1236 4109 nobilitate
1265 4051 1313 4112 ac
1332 4026 1483 4117 virtute
1504 4024 1547 4119 bc

327 4176 352 4223 0
378 4153 427 4214 cs
444 4120 636 4230 celebris,
659 4122 851 4219 abdicato
869 4135 1096 4219 Armorum
1114 4133 1246 4223 studio
1263 4139 1391 4227 vitam
1402 4140 1547 4230 solitsri

220 4245 282 4334 ele
315 4260 416 4344 erat,
444 4238 547 4326 seda
565 4239 704 4327 multis
723 4244 1002 4349 extimulatus,
1035 4268 1080 4332 ut
1096 4248 1270 4340 Patriam
1287 4275 1433 4341 contra
1447 4256 1547 4342 Mau

221 4272 494 4456 deigcnderet,
524 4350 714 4441 bellicum
734 4357 992 4445 Provinciam
1015 4360 1205 4472 suscepit,
1236 4363 1398 4452 &dum
1426 4370 1547 4457 milita

222 4476 331 4575 acies
351 4467 601 4577 disponeret,
627 4493 800 4578 tepente
817 4472 934 4557 elatis
960 4470 1010 4557 ad
1030 4473 1183 4561 coelum
1203 4475 1334 4565 oculis
1355 4480 1500 4568 Crucis
1520 4486 1547 4572 ir

250 4587 363 4671 ‘nem
387 4582 503 4692 supra
529 4609 727 4690 quercum
758 4585 889 4686 vidit,
920 4614 1043 4694 guam
1062 4586 1263 4679 adstantes
1278 4591 1429 4706 Aligeri
1449 4620 1547 4685 vem

221 4613 386 4786 gantur.
444 4688 518 4779 Ob
539 4695 616 4780 tale
627 4717 871 4805 portentum
884 4697 1098 4786 viiioriam
1115 4699 1186 4789 fibi
1203 4704 1455 4818 spopondit,
1482 4740 1547 4820 qu

223 4805 379 4898 obrem
405 4805 562 4895 eodem
591 4811 706 4921 figno
725 4812 863 4899 salutis
888 4815 1085 4915 munitus,
1112 4820 1224 4905 sicuti
1241 4830 1281 4906 δι
1299 4816 1442 4932 reliqui
1459 4826 1545 4910 miii

223 4925 401 5013 Mauros
425 4918 692 5037 profligavit,
734 4936 777 5014 dt
800 4927 945 5015 Patriae
981 4925 1196 5018 liberator
1223 4955 1420 5040 vocatus,
1464 4940 1546 5026 titu]
