3492 5975
813 1195 956 1297 xxrv.

219 1356 432 1486 Ordinis
488 1355 930 1532 Constantiniani
976 1360 1265 1536 angelici
1322 1364 1589 1498 Autenti

547 1539 845 1712 Supremas
893 1535 1227 1719 Magister.

284 1752 369 1844 Um
387 1755 430 1844 in
453 1758 584 1845 varias
607 1758 783 1847 rnssitum
803 1759 981 1866 Claffes,
1009 1780 1055 1845 ut
1074 1764 1120 1847 in'
1138 1761 1250 1849 varin
1275 1755 1464 1853 membra
1488 1765 1587 1855 cot'J

304 1898 406 1983 pus,
425 1869 627 1959 dividatur
644 1874 1000 1961 Constantinianus
1023 1874 1147 1976 ord0,
1176 1877 1306 1988 quiin
1330 1874 1582 1971 Praefatione

192 1982 237 2070 ad
255 1984 478 2072 Lellorem
503 1985 652 2073 relatus
670 1981 767 2089 fuit,
796 1991 976 2099 primum
1006 1985 1163 2076 Locum
1176 1983 1347 2076 obtinet
1368 1988 1582 2105 supremus

190 2096 397 2212 Magister,
417 2098 531 2206 eujus
553 2121 704 2186 munus
723 2105 780 2187 est
798 2113 965 2203 curare,
993 2122 1039 2189 ut
1053 2126 1146 2215 quae
1167 2103 1312 2188 sancita
1333 2105 1422 2191 sunt
1444 2105 1582 2197 exarte
1603 2133 1606 2140 ’

188 2212 427 2318 serventur3
451 2238 583 2299 novas
601 2220 726 2301 etiam
742 2213 858 2329 leges
880 2214 1081 2314 condere,
1098 2224 1137 2300 δι
1158 2216 1414 2325 interpretari
1434 2225 1583 2326 potest,
1653 2226 1657 2234 “

188 2325 599 2435 &dispensatum
619 2322 688 2411 fibi
708 2327 862 2413 licitum
877 2328 1004 2413 visum
1023 2323 1151 2414 fuerit
1168 2355 1181 2432 3
1202 2328 1337 2413 Potest
1357 2334 1582 2417 createmi·

187 2438 280 2525 lites
292 2460 500 2542 autentos,
518 2442 726 2543 Comites,
743 2442 944 2537 Berones,
956 2440 1180 2541 Donnes,
1194 2451 1232 2528 ὅ(
1250 2442 1469 2550 Notarios;
1498 2445 1584 2532 lau·

186 2579 302 2640 reare
321 2554 485 2638 Poetas.
498 2553 722 2666 legitimare
741 2550 1089 2665 spurios,infamia
1107 2576 1277 2640 notatos
1294 2551 1522 2661 absolvere,
1539 2572 1583 2647 δι

186 2665 234 2752 ad
244 2663 438 2753 honores
455 2669 662 2753 restituere
684 2667 815 2773 (salvis
834 2688 976 2754 tamen
996 2663 1242 2753 Pontificum
1264 2668 1578 2758 constitutioni·
1644 2681 1648 2686 ’

185 2775 286 2884 bus,
323 2806 401 2889 per
423 2808 521 2891 quas
550 2778 654 2867 sorte
673 2777 737 2867 his
772 2779 994 2893 privilegiis
1023 2779 1268 2893 derogatum
1292 2783 1378 2883 est.)
1432 2779 1578 2871 Eidem

185 2919 338 2981 omnes
358 2892 523 3003 Equites
554 2889 719 3003 subrent
745 2891 1028 2979 obedientiam
1048 2898 1236 3005 prestare
1263 2915 1469 2987 tenentur.
1530 2897 1578 2987 ln

183 3003 436 3095 solemnibus
461 3005 749 3095 Funstionibus
775 3008 954 3093 induitur
977 3004 1164 3106 thorace,
1198 3004 1503 3116 foemoralibuu,
1538 3023 1582 3102 δι

184 3115 391 3208 tibialibus
430 3120 640 3208 olosericis
671 3123 910 3232 purpureis,
952 3120 1163 3208 &calceis
1193 3119 1379 3226 ejusdem
1409 3125 1578 3221 coloris.

180 3236 281 3324 Haec
295 3254 438 3321 autem
449 3231 579 3320 breve
598 3235 733 3349 sagum
745 3262 792 3321 ex
808 3257 1004 3347 argentea
1021 3232 1102 3318 tela
1117 3259 1212 3321 cum
1223 3233 1312 3318 latis
1326 3237 1512 3342 manicis,
1522 3232 1577 3326 ab

182 3347 369 3436 humeris
388 3375 521 3459 usque
538 3348 588 3433 ad
599 3374 732 3463 genua
752 3347 1012 3460 produilum,
1029 3345 1180 3456 operit,
1202 3355 1242 3432 &
1255 3347 1351 3461 sago
1375 3342 1490 3437 affixa
1506 3378 1577 3438 ot·

183 3462 287 3551 dinis
311 3488 409 3547 crux
427 3459 656 3547 holoserica
677 3463 812 3548 villosa
838 3455 958 3560 rubra
982 3461 1125 3572 pestus
1145 3481 1324 3547 exornat·
1381 3461 1577 3554 Baltheuu

182 3578 577 3664 villosuscoccineuu
598 3575 649 3661 ad
667 3579 770 3661 ensis
790 3577 903 3660 usum
922 3569 1105 3661 foemora
1125 3574 1355 3688 praecingit,
1378 3574 1579 3668 Galerum

182 3693 315 3803 capite
332 3691 460 3802 gestat
485 3714 533 3775 ex
560 3690 688 3775 serico
707 3689 847 3774 villoso
870 3684 998 3773 rubro
1020 3681 1364 3788 semicubitalem‚
1393 3689 1576 3777 intrinse-

181 3832 249 3894 cus
278 3806 408 3890 serico
435 3798 533 3888 albo
556 3801 881 3910 circumttilum.
908 3801 1102 3914 Qatuor
1121 3797 1275 3905 Galero
1292 3801 1423 3884 insunt
1447 3803 1575 3891 veluti

183 3920 253 4009 rlae
288 3918 436 4003 sursum
463 3915 640 4019 erellae,
684 3941 853 4026 quarum
886 3914 1009 4000 altera
1030 3914 1072 3997 in
1101 3913 1290 3998 exteriori
1312 3933 1428 4023 parte
1458 3916 1575 4027 supra

183 4028 365 4122 frontem
384 4024 549 4115 exhibet
565 4023 798 4115 venerabile
811 4027 1031 4113 Salvatoris
1049 4027 1173 4111 nostri
1189 4027 1378 4139 Signum,
1407 4052 1456 4114 ex
1471 4028 1593 4117 auro
1653 4030 1657 4041 ’

185 4164 433 4235 contextum.
489 4141 643 4229 Plumis
660 4145 783 4228 etiam
803 4142 928 4254 nigris
939 4139 1090 4226 Ardeae
1111 4142 1344 4228 decoratur.
1401 4138 1573 4229 Pallium

188 4260 401 4350 ceruleum
421 4282 470 4342 ex
487 4252 722 4344 holoserico
741 4254 901 4356 villoso,
926 4264 966 4338 &
984 4275 1177 4366 argentea
1197 4251 1279 4337 tela
1294 4253 1461 4339 interius
1480 4251 1571 4339 sub·

187 4373 359 4480 sutulate
379 4369 467 4456 solo
489 4373 725 4480 protensum
736 4366 877 4453 induit.
906 4366 1071 4452 Pallium
1090 4360 1200 4449 collo
1219 4359 1465 4450 subntilitnr
1488 4363 1570 4452 ob·

187 4486 310 4605 longis
329 4480 533 4586 funiculis„
555 4485 756 4568 coccineo
774 4482 916 4584 serico,
934 4505 1115 4589 auroque
1127 4477 1456 4584 contextis,qoos
1469 4479 1590 4568 floc-¹

189 4599 553 4692 ticontetminant.
604 4594 713 4711 ‘Qi
732 4596 884 4680 laev'um
917 4588 1138 4677 humerum
1163 4592 1267 4704 tegit
1291 4615 1384 4674 crux
1410 4594 1570 4684 ordinis

188 4714 313 4820 rubra,
331 4712 460 4800 serico
492 4707 636 4796 itidem
657 4734 838 4822 auroque
856 4726 1048 4793 exornata
1062 4706 1104 4791 in
1125 4704 1252 4790 Pallio
1268 4724 1389 4805 extat,
1409 4732 1504 4818 quae
1527 4711 1571 4794 in
1629 4812 1632 4818 Ι

188 4827 307 4923 Classe
326 4825 540 4941 irrfignium
561 4817 633 4911 sub
650 4850 690 4914 n·
709 4847 774 4930 23.
802 4815 1180 5024 exhibitacapparet,
1207 4815 1392 4930 Torquet
1403 4820 1588 5017 ¹insupeexr

1029 4958 1053 5035 3
