3492 5975
208 1165 706 1194 fflm—
713 1171 873 1190 *uu-
879 1172 1449 1195 ..ψη-*Ἥ

203 1201 404 1292 tumultus
428 1212 471 1291 δι
486 1200 584 1313 belli
602 1207 718 1291 vices
738 1234 815 1317 pax
831 1208 929 1291 inita
954 1203 1156 1291 suitanno
1181 1236 1200 1291 r
1208 1233 1303 1323 351·
1326 1179 1616 1302 &Ludovssc‘us

197 1316 451 1406 Tarentinus
476 1339 738 1428 nuncupatus
771 1320 869 1425 jussu
897 1319 1128 1407 Clementis
1151 1322 1273 1409 Vl.P·
1294 1322 1356 1413 M.
1390 1324 1476 1410 Rex
1494 1353 1614 1412 coro·

185 1454 324 1519 natus
346 1429 455 1536 fuit,
481 1435 524 1519 in
547 1435 861 1519 matrimonium
882 1431 1000 1518 duiia
1028 1435 1207 1538 Joanna,
1231 1435 1273 1520 in
1297 1436 1409 1542 cujus
1432 1440 1491 1524 rei
1522 1421 1639 1528 me·'

181 1548 386 1634 moriam
405 1541 630 1632 abeodem
649 1573 786 1632 novus
811 1545 1010 1655 Equestris
1038 1547 1148 1634 ordo
1169 1548 1367 1633 institutus
1396 1554 1466 1653 est,
1481 1580 1614 1660 quem

179 1659 412 1771 Nodiipse
430 1658 768 1770 Resappellavit.
829 1657 1124 1773 Qamobrem
1157 1663 1357 1775 sexaginta
1376 1663 1462 1749 Viri
1490 1663 1613 1754 Urbis

182 1775 388 1886 primarii
408 1776 678 1887 (septuaginta
703 1767 819 1858 fuisse
849 1769 980 1857 refert
999 1772 1040 1858 P.
1055 1772 1239 1860 Andreas
1274 1771 1460 1880 Mendo)
1486 1778 1614 1868 &alii

185 1886 391 2003 singulari
415 1889 565 1974 virtute
598 1882 772 1994 praediti,
799 1884 917 1971 nodo
943 1882 966 1970 ὲ
993 1887 1120 1971 serico
1150 1914 1358 1997 purpureo
1390 1918 1610 1980 cumauro

184 2007 362 2093 intexto
382 2011 423 2088 δι
441 1999 684 2113 margaritis,
706 1998 862 2108 peiiori
881 1996 1011 2086 striae
1035 2000 1189 2101 viniio,
1221 2004 1438 2111 (quamvis
1464 2001 1527 2090 alii
1550 2002 1610 2091 di·

189 2139 300 2207 cant
325 2109 520 2218 brachio)
539 2116 653 2223 supra
679 2135 822 2225 togam
849 2107 984 2197 albam
1003 2114 1172 2225 insigniti
1190 2109 1372 2218 fuerunt,
1396 2147 1491 2203 cum
1509 2147 1610 2229 qua·

190 2233 300 2321 'dam
330 2227 490 2335 iurandi
513 2220 714 2327 formula,
746 2247 792 2310 ut
818 2224 1062 2325 indicarent,
1098 2227 1167 2312 tali
1198 2227 1314 2313 nodo
1338 2255 1425 2315 non
1447 2255 1609 2322 tantum

192 2343 437 2445 brachium,
453 2340 521 2428 sed
545 2367 619 2427 cot
640 2342 682 2424 in
700 2341 918 2426 amicitiam
938 2339 1150 2425 devinciri.
1209 2340 1370 2427 Primos
1395 2345 1480 2452 ejus
1496 2346 1608 2432 ordi·

193 2464 267 2553 nis
286 2455 428 2546 retulit
443 2455 699 2542 Mennenius'
718 2481 765 2539 ex
781 2452 969 2566 catalogo
987 2452 1196 2558 cuiusdam
1216 2454 1346 2540 Anelii
1358 2457 1486 2543 Pacca
1504 2459 1608 2547 Nea·

193 2573 376 2690 politani
393 2571 623 2679 Scriptoris·
676 2568 798 2655 Velle
815 2565 944 2650 induti
963 2559 1226 2672 incedebant,
1240 2569 1326 2671 eius
1345 2564 1513 2676 forma,
1526 2603 1606 2683 qua

193 2694 287 2778 Rex
313 2688 394 2797 ipse
410 2677 694 2782 exornabatur,
729 2692 769 2765 δε
791 2679 843 2765 illi
864 2676 999 2765 nodus
1026 2675 1169 2765 affixus
1195 2676 1432 2790 apparebat,
1448 2687 1603 2794 expres·

195 2807 265 2893 sus
290 2795 464 2885 anobis
490 2791 560 2880 sub
582 2822 695 2879 num.
722 2823 790 2898 79.
877 2791 1018 2879 Eidem
1050 2793 1182 2880 ordini
1209 2796 1389 2881 summus
1414 2796 1605 2887 Pontifex

195 2913 404 3030 Regulam
425 2914 464 2996 S.
481 2909 605 2998 Basilii
621 2908 872 3021 praescripsrt,
903 2917 944 2992 &
969 2904 1255 2995 defensionem
1275 2906 1393 2997 fidei,
1417 2920 1456 2997 ἃ
1480 2909 1602 3002 Obe-

196 3034 399 3123 dientiarn
416 3027 520 3139 Regi
542 3022 814 3135 Neapolitano
833 3021 1156 3107 commendavit.
1214 3021 1380 3107 Vestem
1413 3050 1468 3110 eo
1493 3049 1601 3118 tenr-

194 3172 306 3262 pore
331 3142 475 3241 vocari
490 3140 655 3218 Giornea
670 3129 798 3222 refert
814 3135 1087 3240 Juslinianus.-
1121 3137 1234 3218 Dum
1267 3154 1404 3220 autem
1427 3139 1602 3247 inquire·

194 3289 313 3357 rem,
326 3246 705 3364 cujusnamformae
726 3247 792 3334 illa
810 3248 924 3347 esset,
954 3244 1238 3359 perhumanus
1259 3257 1299 3332 δε
1325 3246 1505 3337 eruditus
1525 3255 1601 3343 Vir

195 3369 522 3463 D.·Dbminicus
543 3364 718 3476 Georgii
744 3364 848 3447 misit
873 3359 925 3445 ad
957 3386 1025 3446 me
1053 3362 1224 3445 leonem
1258 3354 1325 3446 hic
1363 3368 1601 3475 expostam,

197 3505 418 3597 acceptam
442 3476 495 3567 ab
516 3479 684 3588 antiquo
703 3477 858 3561 Pariete
876 3474 1025 3577 Palatii,
1035 3472 1145 3585 quod
1163 3473 1337 3586 Neapoli
1357 3474 1500 3565 dicitur
1518 3483 1600 3567 Re·

197 3606 312 3718 ginae
330 3599 501 3701 Ioannae
527 3614 637 3679 extra
661 3586 783 3673 Urbis
816 3588 971 3672 moenia
988 3589 1228 3689 extrusium,
1246 3590 1288 3672 in
1339 3616 1394 3673 uo
1417 3591 1502 3676 Rex
1517 3595 1598 3705 ipse

197 3712 386 3825 depinus
410 3706 571 3795 videtur
596 3733 692 3789 cum
714 3705 883 3814 Regina,
903 3703 987 3807 ejus
1004 3700 1172 3786 Ordinis
1190 3617 1398 3811 Equitllsus
1419 3704 1598 3814 stipatus.

201 3828 371 3916 Omnes
390 3826 547 3909 vestem
569 3815 807 3905 &biretum
826 3817 983 3927 gestant
1002 3812 1176 3898 rubeum
1196 3807 1596 3931 eiusforrnae,quam
1641 3820 1643 3825 ’

200 3943 303 4032 lcon
324 3941 516 4043 ostentat,
538 3935 623 4021 Rex
639 3951 781 4018 autem
805 3957 905 4015 auro
927 3948 1165 4016 exornatam
1184 3923 1326 4028 habet.
1634 3958 1643 3969 ’

785 4087 1027 4178 Lxxxvnr.

512 4227 714 4393 OEquea'
758 4223 988 4352 Parma
1042 4218 1278 4348 viridia.

282 4450 467 4565 Egnante
485 4438 641 4528 Carolo
660 4437 728 4523 Vl.
751 4433 973 4519 Galliarum
994 4431 1132 4543 Rege,
1167 4424 1291 4512 Ordo
1305 4421 1503 4537 Equestris
1525 4456 1594 4521 or.

198 4450 280 4667 R
310 4587 403 4648 turn
422 4551 625 4642 habuitin
646 4547 801 4650 Gallia,
847 4572 932 4655 quo
953 4565 1093 4629 tamen
1119 4545 1235 4653 pauci
1256 4539 1595 4650 complefleban.

195 4706 276 4785 tur,
296 4680 455 4764 Parmae
471 4664 610 4755 viridis
626 4680 897 4858 nuncupatus,
912 4685 996 4767 quo
1018 4660 1187 4743 nomine
1201 4658 1355 4740 scutum
1375 4655 1598 4768 significant

186 4790 342 4895 latini,
372 4780 537 4897 quoda
564 4799 709 4865 centro
736 4802 761 4856 u
794 4772 888 4885 ique
916 4775 958 4854 in
994 4792 1132 4879 partes
1155 4769 1333 4880 aequales
1361 4765 1593 4873 absolvitur,

184 4912 364 5026 'quodue
383 4900 483 4990 olim
507 4893 672 4987 Pedites
693 4881 1057 5098 utebantur,qulor31
1077 4885 1228 4973 indicat
1247 4908 1363 4982 num,
1383 4899 1450 4983 80.
1485 4883 1593 5089 Csamrp¹
