3492 5975
192 1113 249 1208 8⁶
749 1107 1154 1251 Qssss„

188 1265 437 1356 olosericum
465 1269 644 1356 liliorum
671 1268 867 1375 fioribus,
920 1270 1098 1356 flammis
1126 1255 1409 1361 circumdatis,
1443 1248 1595 1367 quibus

194 1380 395 1468 Henricus
414 1381 482 1471 IV.
513 1380 713 1487 caffides,'
745 1385 901 1496 aliaque
928 1376 1120 1490 trophaea
1149 1371 1323 1472 addidit,
1357 1397 1455 1458 cum
1486 1387 1591 1454 nota

192 1489 245 1578 H.
274 1519 371 1608 quae
386 1493 535 1584 deinde
555 1518 710 1583 mutata
718 1490 797 1583 fuit
808 1500 849 1583 in
868 1498 912 1584 1.
939 1491 1089 1608 quibus
1113 1488 1286 1577 nomina
1306 1484 1471 1598 Regum
1490 1477 1595 1566 indi·

192 1621 350 1692 eantur.
386 1647 389 1651 ·
410 1609 454 1695 lii
469 1609 694 1699 Melitensis
712 1605 866 1698 formae
886 1637 982 1696 crux
1005 1604 1182 1695 caerulea
1200 1624 1323 1685 aurea
1341 1595 1595 1684 circumdata

192 1716 435 1807 columbam
453 1717 683 1834 praeferens
699 1720 913 1826 adhaeret,
944 1748 1068 1834 quam
1099 1715 1272 1805 solemni
1291 1711 1358 1798 die
1375 1712 1595 1822 inaugura·

197 1833 325 1919 tionis
344 1831 769 1972 Equitespraeft'tunt·
797 1838 963 1925 caeteris
985 1828 1090 1922 vead
1107 1823 1252 1919 dicbus
1280 1823 1422 1912 crocei
1438 1822 1597 1918 colotit

193 1965 364 2031 esocem
383 1946 627 2036 olosericam
653 1947 831 2037 vestibus
860 1952 1053 2052 assutam,
1080 1946 1156 2033 alia
1181 1942 1366 2051 insuper,
1402 1933 1598 2024 caetuleoe

197 2051 333 2145 fasciae
354 2055 406 2146 ab
423 2059 611 2152 humeto
627 2062 773 2152 dextro
792 2061 845 2150 ad
867 2062 975 2150 latus
995 2061 1130 2147 finistti
1158 2053 1356 2169 pendenti
1378 2051 1438 2137 est
1464 2040 1598 2139 affini

197 2171 332 2257 Vestis
357 2176 412 2259 est
431 2175 622 2281 Pallium,
649 2174 765 2291 quod
784 2179 924 2291 imago
943 2174 1198 2263 demonstrat
1213 2194 1265 2255 ex
1294 2166 1424 2252 serico
1450 2159 1599 2249 villoso

197 2286 319 2398 nigro
335 2286 556 2376 flammulis
576 2294 712 2378 aureis
731 2311 957 2391 exornato,
985 2283 1058 2374 sub
1080 2313 1134 2374 eo
1156 2280 1446 2371 indumentum
1472 2275 1598 2408 estet¹

197 2398 329 2484 serico
354 2396 475 2504 albo,
502 2403 615 2488 sicuti
637 2402 790 2491 tibialia
805 2414 846 2491 dt
860 2404 1002 2493 calcei.
1037 2401 1177 2512 Caput
1197 2394 1436 2507 contegitur
1455 2389 1599 2476 Bireto

198 2533 251 2597 ex
267 2511 396 2603 serico
424 2513 570 2608 villoso
586 2517 739 2632 plumis
758 2538 973 2614 exornato.
988 2516 1207 2628 Torqueat
1232 2505 1387 2597 indicat
1402 2501 1599 2628 nomas.¹

851 2731 942 2824 cx,

220 2881 238 2898 ²
390 2906 568 3073 Equos
588 2834 591 2839 ι
610 2906 787 3040 Stella
834 2912 898 3036 in
953 2911 1149 3085 Regno
1206 2901 1421 3086 §allia

206 3104 865 3354 JOannethlessus,Gallotum
880 3143 964 3227 Rex
980 3136 1368 3254 Qinquagessmus,
1378 3128 1529 3246 praelio
1539 3130 1602 3239 1¹51-

283 3246 486 3356 lensiensi,
514 3255 705 3368 &Regni
726 3255 956 3347 calamitate
974 3246 1230 3351 notifflmus‚
1254 3250 1451 3360 Equitum
1472 3244 1604 3335 Sodas

205 3361 338 3446 litium
366 3389 431 3446 an.
463 3391 583 3470 1352.
617 3369 840 3475 auspicatus
872 3371 930 3453 est
960 3360 1030 3451 sub
1065 3360 1408 3457 denominatione
1443 3358 1604 3466 Stellae,

204 3474 397 3671 Ruamvis
414 3474 574 3565 sodales
601 3477 695 3565 diui
713 3474 867 3565 fuerint
882 3481 928 3570 Β.
959 3477 1138 3591 Virginis
1154 3473 1208 3562 de
1226 3471 1356 3561 nobili
1374 3474 1525 3560 Domo'
1549 3475 1604 3568 D.

245 3582 419 3689 udoeni,
439 3591 494 3679 ita
520 3593 631 3680 enim
649 3588 878 3679 vocabatur
901 3593 1088 3697 Castrum
1111 3588 1221 3674 illud.
1245 3602 1390 3703 parum
1411 3581 1465 3672 ab
1485 3583 1602 3674 Urbe

204 3699 404 3786 Peristenss
421 3703 590 3807 distans,
620 3698 689 3790 ubi
705 3702 821 3791 sedes
843 3705 1033 3814 primaria
1049 3701 1206 3790 ordinis
1226 3693 1604 3808 constitutafuerat3

206 3809 418 3923 Equitibus
439 3821 525 3929 eius
546 3817 703 3905 ordinis
727 3820 886 3933 signum
905 3817 1042 3905 Stellae
1062 3817 1199 3926 torqui
1219 3841 1347 3903 aureo
1361 3814 1605 3924 appensum,

204 3926 275 4011 stu
294 3946 409 4038 togae
432 3933 616 4043 capitio,
650 3933 803 4019 locove
830 3933 1051 4040 conspicuo
1109 3921 1276 4016 raeferre
1297 3930 1490 4014 statutum
1509 3922 1605 4033 fule

209 4032 351 4163 addito
371 4038 583 4145 symbolot
615 4043 833 4151 Monstrum
850 4044 1010 4157 ‘Regibus
1035 3957 1141 4150 aldis
1157 4044 1282 4133 vim.
1336 4043 1505 4128 Dicatus
1526 4035 1605 4128 fuit·

207 4146 279 4238 llic
294 4147 403 4238 ordo
423 4154 553 4243 tribus
566 4155 749 4273 Regibus
769 4161 927 4273 Magis,
956 4186 1055 4271 erga
1082 4184 1193 4269 quos
1210 4156 1415 4242 ln'stitutor
1428 4172 1605 4240 venera·

208 4265 372 4356 tionem
398 4267 682 4382 profitebatur.
736 4274 791 4358 At
810 4272 1068 4359 multitudine
1080 4271 1365 4385 gregariorum
1384 4294 1483 4354 cum
1493 4265 1605 4355 vilei:

206 4381 1605 4589 aestimandususlauseinais*su

208 4524 515 4721 cluelisgotdo,
537 4642 661 4727 quem
678 4611 808 4703 Gallia
823 4612 1037 4701 custodem
1056 4561 1217 4722 imp'erii
1236 4527 1294 4700 ¹sui
1306 4557 1514 4729 agnoscit:
1529 4603 1605 4701 suf·

207 4720 344 4819 festus
358 4718 452 4819 fuit·
506 4728 662 4847 lstfigne
682 4748 853 4846 apparet
867 4724 940 4819 sub
953 4754 1068 4821 num.
1085 4752 1182 4855 too.

1512 5070 1606 5187 CXI
