3492 5975
225 1254 374 1370 Uxoris
392 1275 627 1388 Margaritae
642 1272 838 1386 Reginae,
866 1288 905 1361 δι
925 1244 976 1359 ιιῖ
991 1303 1220 1364 moerorem
1241 1271 1408 1363 tolleret
1427 1274 1624 1375 Civitatis

109 1485 113 1492 ,
141 1405 145 1412 ’
231 1420 327 1508 quae
351 1385 409 1475 ob
440 1389 577 1474 varios
607 1388 805 1474 tumultus
830 1416 876 1474 ac
897 1386 1019 1491 bella,
1034 1402 1074 1475 δι
1092 1411 1265 1500 propter
1289 1415 1440 1474 necem
1460 1388 1624 1499 Regina

190 1594 196 1610 ,‚
230 1511 402 1619 Joannae
420 1499 619 1612 squallore
635 1497 758 1612 plena
779 1524 890 1606 erat3
919 1503 1069 1589 Varios
1087 1502 1153 1589 ille
1179 1502 1364 1589 decrevit
1379 1502 1500 1587 ludos
1518 1499 1624 1598 &lu

107 1683 111 1688 -
231 1624 345 1710 dicra
361 1614 600 1716 certamina,
625 1614 667 1699 in
685 1610 833 1724 quibus
850 1617 930 1724 ipse
943 1615 1022 1702 sese
1043 1612 1239 1726 praeclare
1256 1608 1389 1729 geffit,
1409 1637 1624 1725 novosque

232 1728 526 1824 voluitinstitui
542 1727 731 1837 Equitem
763 1730 830 1839 qui
848 1729 1024 1815 Navales
1041 1749 1398 1841 nuncuparentur,
1427 1740 1468 1813 &
1484 1751 1624 1815 corun

185 1881 201 1905 a
232 1842 531 1953 Princeps-effe
558 1840 705 1941 voluit,
724 1859 770 1925 ut
784 1843 1043 2039 Argonautas
1075 1845 1283 1930 imitantes
1302 1837 1423 1955 digna
1441 1861 1560 1927 tanto
1581 1839 1624 1924 la·

234 1949 342 2051 bore
361 1958 470 2070 gesta
491 1973 714 2064 patrarent·
771 1954 837 2039 Or
868 1957 1002 2057 inis,in
1017 1984 1102 2070 quo
1123 1956 1298 2044 trecenti
1312 1955 1477 2065 Equites
1489 1979 1624 2040 nume·

234 2071 452 2172 rebantur,
481 2065 766 2155 Protcslorem
782 2068 824 2152 S·
842 2067 1084 2172 Nicolaum,
1108 2070 1244 2181 Myrae
1272 2068 1531 2179 Episcopum,
1554 2065 1620 2153 ele

234 2192 323 2307 git,
340 2186 406 2273 cui
426 2174 725 2271 ornatissimum
734 2178 768 2263 T
768 2180 953 2290 emplum
968 2208 1100 2293 prope
1110 2181 1276 2268 Molum
1286 2178 1504 2281 dedicavit,
1518 2179 1624 2289 Equi

230 2302 350 2392 tibus
371 2289 661 2411 praescribens,
694 2313 740 2377 ut
752 2293 913 2409 singulis
932 2297 1048 2380 annis
1060 2298 1145 2403 ejus
1166 2290 1314 2383 festum
1325 2294 1496 2382 solemni
1512 2322 1624 2406 pom

236 2446 293 2533 pa
315 2407 585 2502 celebrarent,
636 2407 786 2508 Vestis,
808 2435 886 2517 qua
907 2409 1072 2517 Equites
1091 2406 1379 2507 induebantur,
1392 2436 1467 2495 am
1498 2408 1538 2494 la
1556 2407 1624 2495 cla

238 2543 468 2735 illis
489 2522 645 2722 ,llll
678 2520 1036 2747 {libidimis
1049 2523 1401 2728 ’na²⁰dlicdi⁵⁵
1415 2646 1456 2721 a
1478 2519 1624 2723 ‘llil

239 2756 377 2849 seticis
398 2749 475 2838 filis
495 2744 591 2836 albo
614 2756 654 2833 dc
669 2743 798 2835 rubro
814 2774 912 2833 corn
945 2665 1064 2842 orni).
1119 2752 1209 2858 Ejus
1229 2746 1405 2836 fimbriae
1424 2750 1468 2836 in
1488 2771 1624 2843 terran

235 2893 375 2981 ,usque
399 2864 572 2953 estensae
588 2862 853 2947 teniissericis
877 2776 969 2948 alba
989 2873 1029 2948 δε
1050 2859 1170 2950 rubra
1192 2860 1506 2965 exornabantur,
1527 2873 1624 2971 quot

235 2980 438 3077 navimin
451 2977 601 3065 lamina
613 3002 734 3062 aurea
749 2973 989 3085 exsculptam
1002 2973 1258 3069 ostendebat.
1313 2978 1463 3066 Navim
1481 2976 1622 3089 insupe

242 3104 362 3212 supra
382 3087 614 3203 clamydem
630 3117 703 3174 acu
719 3088 868 3199 pisiam
887 3088 1104 3202 gerebant,
1123 3093 1236 3200 cujus
1253 3090 1366 3178 malo
1381 3087 1531 3205 globus
1544 3118 1624 3178 cun

235 3238 373 3304 aurea
390 3231 512 3295 cruce
533 3199 801 3305 imminebat,
823 3205 921 3288 licut
946 3202 1098 3291 indicat
1115 3233 1230 3298 num.
1250 3224 1318 3310 78.
1334 3205 1508 3292 Mortuo
1527 3203 1624 3291 dein

246 3329 303 3417 de
327 3320 482 3411 Carolo
512 3321 553 3402 in
582 3318 811 3430 Hungaria,
841 3317 933 3403 talis
959 3319 1147 3428 Equitum
1170 3317 1276 3405 ordo
1304 3346 1414 3430 pene
1447 3318 1624 3405 extini‘m

250 3436 463 3534 remansit,
494 3431 659 3540 penitus
674 3433 815 3539 postea
834 3425 1032 3518 defecere
1051 3434 1136 3540 eius
1156 3432 1321 3544 Equites
1342 3428 1402 3523 ob
1421 3429 1525 3527 bella
1538 3434 1624 3520 &se

250 3554 432 3643 ditiones
455 3540 644 3634 obortas.
702 3543 789 3655 Qi
819 3541 1002 3651 primbm
1033 3546 1075 3631 in
1097 3544 1209 3632 hunc
1238 3546 1430 3649 ordinem
1460 3544 1624 3656 adscripr

247 3664 434 3764 suerunt,
452 3658 714 3743 recensentur
728 3659 769 3739 in
791 3656 909 3759 tertia
926 3654 1095 3744 Decade
1108 3654 1253 3765 lib.a5.
1264 3687 1344 3773 pag
1359 3659 1624 3755 uni-listune

243 3774 550 3889 Neapolitanae,
579 3797 703 3878 quam
724 3771 764 3855 Ρ.
780 3766 974 3855 Nicolaus
991 3767 1230 3859 Parthenius
1244 3773 1624 3861 GiannettasrusSot

132 3932 137 3944 ¹
250 3895 338 4003 Jesu
360 3884 666 3998 quamprimum
684 3884 727 3967 in
745 3881 883 3968 lucem
904 3880 1042 3986 dabit,
1063 3885 1137 3971 Vir
1158 3886 1199 3970 in
1216 3881 1444 3997 Republica
1458 3885 1624 3974 litterari

250 4026 463 4113 nunquam
483 3996 572 4081 satis
592 3991 803 4098 laudatus,
816 4015 903 4080 tam
924 3993 983 4082 ob
1012 3996 1185 4085 solutam
1206 4001 1327 4111 quim
1357 4001 1541 4086 numeris
1561 4005 1624 4089 vit

255 4118 367 4207 flam
393 4110 632 4200 orationem
659 4136 787 4200 aureo
815 4109 975 4210 calamo
994 4113 1039 4200 in
1063 4107 1248 4229 pluribus
1269 4108 1548 4205 voluminibus
1568 4115 1623 4208 ed

250 4253 387 4327 “m''
546 4322 550 4327 ’
834 4285 1062 4439 Lxxxvu.
1360 4430 1367 4447 Χ

371 4497 574 4664 ‘Eques
612 4490 772 4623 Nudi
808 4504 869 4628 in
907 4506 1101 4680 Regno
1136 4505 1530 4676 Neapolitanos

253 4728 565 4963 Nobilillimi
595 4738 717 4852 hujus
756 4738 928 4829 Ordinis
962 4736 1070 4853 apud
1106 4736 1405 4860 Neapolitanos
1439 4749 1624 4859 exordipr

404 4843 496 4956 fuit,
520 4880 615 4941 cum
633 4848 891 4960 Ludovicus,
920 4852 1127 4946 inferioris
1143 4863 1368 4952 Pannoniae
1380 4864 1478 4969 Rex,
1498 4862 1624 4954 bellur

256 4963 447 5103 intulisset
466 4969 639 5086 Regina
648 4971 834 5085 loannae,
863 4997 959 5084 quae
979 4972 1113 5088 Regni
1132 4971 1273 5068 h'aeres
1293 5000 1392 5088 erat,
1409 4982 1502 5094 post
1507 4984 1624 5181 tuarie

1030 5142 1032 5147 ·
1405 5150 1408 5157 ·
1448 5165 1451 5175 .
1527 5121 1624 5185 umu
