3492 5975
242 1140 300 1223 ⁷⁴
801 1108 1089 1228 ΘΜ

240 1234 397 1252 ——Q
404 1231 815 1252 m*-·
847 1238 856 1246 ι
870 1231 1571 1258 “⁸“W*

241 1287 368 1366 xerat,
399 1264 614 1352 dedicaffe.
688 1265 881 1349 Nonnulli
912 1288 1051 1352 autem
1080 1265 1131 1354 ad
1162 1266 1445 1358 Periscelidem
1481 1267 1571 1357 eol<

242 1383 374 1469 clanei
391 1382 562 1487 loannae
587 1377 814 1465 Comititlae
831 1374 1066 1464 sarisburiae
1091 1375 1299 1487 referunt,
1337 1410 1393 1470 eo
1429 1382 1544 1496 quod

242 1490 419 1581 choreas
445 1496 582 1605 agenti
605 1491 775 1578 decidit,
806 1502 846 1577 ὅ(
871 1490 1086 1580 illamRex
1119 1489 1269 1580 eterra
1288 1496 1448 1602 sustulit,
1478 1495 1571 1585 ride

242 1605 507 1697 multitudine
533 1604 726 1707 adstante,
757 1614 797 1690 δι
825 1604 896 1687 illo
917 1604 1206 1714 respondente,
1225 1602 1434 1713 ¹futurum,
1450 1634 1498 1706 ut
1519 1604 1571 1697 br

226 1723 427 1810 ¹summus
444 1716 587 1805 honor
611 1714 814 1836 ejusmodi
835 1717 1056 1804 Periscelidi
1075 1716 1311 1807 haberetur.
1368 1725 1471 1810 Sunt
1498 1725 1571 1810 etia

201 1848 203 1852 ’
244 1832 448 1946 quihujus
465 1830 623 1918 ordinis
656 1830 866 1918 exordium
885 1827 1018 1917 multo
1040 1834 1242 1943 antiquius
1267 1835 1504 1941 existimant,
1530 1847 1571 1923 δι

244 1950 408 2062 Regem
428 1942 670 2034 Riccardum
688 1946 717 2030 l.
738 1938 946 2045 referunt,
989 1953 1029 2030 dt
1046 1943 1277 2034 Eduardum
1302 1948 1413 2035 illum
1445 1950 1571 2038 redux

244 2061 427 2150 tradunt.
480 2060 636 2173 lnfigne
661 2058 920 2170 praecipuum
944 2057 1133 2167 Equitum
1166 2062 1223 2144 est
1245 2087 1343 2146 crux
1373 2062 1492 2173 plana
1517 2067 1571 2152 ru?

244 2179 362 2288 supra
379 2170 520 2260 album
547 2170 726 2282 pallium,
753 2190 799 2254 ut
826 2165 896 2254 sub
923 2195 1039 2267 num.
1059 2186 1125 2273 84·
1181 2173 1314 2259 Vestis
1345 2171 1571 2265 adhibenda

245 2275 497 2379 solemnibus
518 2281 665 2372 diebus
687 2283 921 2395 praescripta
941 2276 1028 2366 -fuit
1056 2307 1105 2367 ex
1121 2277 1217 2370 albo
1239 2286 1383 2392 serico,
1402 2290 1501 2376 licut
1516 2294 1571 2380 eti

86 2452 92 2463 ·
244 2398 427 2507 Tibialia,
458 2395 529 2484 sub
551 2424 662 2513 genu
692 2398 844 2482 sinistro
876 2420 969 2481 crus
999 2395 1174 2508 cingitur
1202 2397 1439 2488 Peril’celide
1464 2430 1571 2491 caeru

245 2542 349 2604 auro
371 2507 594 2600 unionibus
615 2521 655 2598 &
675 2535 796 2597 aurea
810 2503 935 2594 fibula
953 2529 1160 2611 exornata,
1184 2509 1465 2603 caraileribus
1488 2517 1570 2630 gall

245 2632 414 2745 fignata,
433 2622 581 2737 quibus
598 2623 762 2714 dicitur}
792 2620 903 2704 Male
917 2642 1064 2709 verrat,
1081 2625 1148 2734 qui
1163 2620 1261 2707 male
1281 2631 1439 2736 rogitat,
1467 2650 1514 2717 ut
1532 2633 1571 2720 vi

245 2765 314 2834 tur
341 2737 410 2828 sub
439 2766 553 2827 num.
573 2735 754 2839 eodem,
796 2762 880 2846 quo
906 2735 930 2819 s
949 2731 1096 2822 mbolo
1127 2740 1326 2826 unionem
1353 2742 1461 2828 inter
1476 2745 1571 2856 Equi

247 2851 459 2971 srgnifriari
476 2852 599 2960 ajunt,
621 2852 737 2960 supra
758 2844 844 2933 hoc
862 2764 1151 2934 inrbmmum
1171 2852 1291 2938 vestis
1314 2851 1475 2941 additur
1490 2885 1570 2971 put

247 2998 321 3058 rea
343 2964 366 3055 ὲ
386 2966 526 3058 serico,
543 2965 585 3050 in
602 2985 717 3076 parte
742 2961 926 3049 interiori
940 2955 1044 3066 alba,
1068 2987 1199 3072 usque
1219 2962 1271 3053 ad
1290 2965 1429 3057 media
1446 2997 1566 3063 crura

246 3084 387 3187 tensa,
424 3074 532 3167 hanc
554 3079 662 3165 circa
690 3070 859 3163 lumbos
890 3076 1045 3188 stringit
1068 3069 1258 3167 baltheus
1278 3108 1521 3193 purpureus.

247 3194 435 3287 humeris
450 3191 614 3306 pallium
627 3189 788 3303 pendet
810 3189 980 3274 sericum
1000 3188 1184 3277 villosum
1209 3194 1433 3284 caeruleum
1461 3224 1558 3291 cum

125 3456 130 3463 .
250 3303 622 3507 tuturus
640 3303 794 3505 {litt
816 3296 1439 3526 lrltlrlrrrrrlrl
1457 3312 1571 3514 ed

219 3520 351 3622 ''tlem
371 3445 618 3645 exprimitqur·
673 3478 817 3614 rettu's
837 3549 1054 3615 exornatur
1072 3556 1198 3618 aureo
1217 3553 1383 3645 torque,
1408 3454 1571 3651 ibqqud

252 3648 392 3735 causto
409 3641 591 3731 caeruleo
610 3638 802 3753 expreli'ae
826 3642 916 3728 sunt
934 3641 1215 3748 Periscelides‚
1243 3649 1285 3733 in
1313 3678 1485 3759 quarum
1502 3680 1571 3743 rue

250 3761 343 3849 rosa
365 3762 437 3862 est,
473 3755 543 3844 vel
566 3749 654 3841 alba
667 3753 734 3840 vel
755 3748 891 3856 rubra,
914 3753 1142 3841 alternatim
1166 3761 1330 3848 variata.
1387 3765 1470 3850 Has
1488 3792 1571 3855 con

251 3873 367 3959 {lunt
384 3867 551 3957 funiculi
571 3868 695 3971 aurei,
714 3877 754 3952 δι
772 3891 820 3951 ex
836 3886 985 3978 torque
1002 3869 1140 3979 imago
1154 3872 1206 3956 t).
1226 3873 1397 3988 Georgii
1408 3880 1571 3969 Dracon

253 3981 533 4098 transfigentis
561 3978 789 4091 dependet,
821 3981 1004 4067 biretum
1031 3985 1087 4068 est
1112 4011 1161 4069 ex
1189 3987 1316 4075 serico
1344 3990 1488 4080 villoso
1510 3996 1571 4109 nir

254 4125 382 4186 aureo
402 4093 556 4203 circulo
583 4094 792 4294 &ffimis
816 4097 965 4206 partim
993 4092 1095 4182 albis
1117 4100 1266 4209 partim
1291 4103 1332 4188 ni
1363 4104 1571 4221 pueram

254 4212 369 4331 Qae
388 4209 531 4301 omnia
547 4208 591 4296 in
608 4235 631 4296 a
702 4228 743 4296 ta
758 4206 937 4322 imagine
953 4207 1098 4297 elarius
1115 4233 1274 4325 patent.
1355 4266 1360 4279 ·
1379 4212 1408 4285 :l

884 4350 1009 4438 XCV.
1356 4360 1363 4387 ··

490 4486 684 4656 spa
738 4484 798 4617 r.
841 4485 1019 4649 rent
1064 4488 1407 4665 Pontfflcim.
1552 4578 1555 4585 .

251 4702 398 4920 LEo
424 4701 473 4799 X.
487 4704 553 4791 cui
571 4700 723 4813 placuit
741 4699 811 4786 tali
829 4702 1003 4789 nomine
1022 4702 1234 4814 appellari.
1267 4729 1314 4793 ut
1337 4686 1571 4798 infitam'ani

363 4814 691 4932 magnitudinem
718 4823 760 4900 dc
789 4813 1053 4902 clementiam
1084 4817 1360 4929 appellatione
1386 4835 1426 4909 dr
1442 4817 1559 4913 fallis

240 4933 580 5055 ,Ρῐῑῦθῐθῑιῐῦῑῑῠ
596 4923 841 5023 Pontificem
855 4930 1166 5065 componendae
1180 4938 1296 5061 pacis
1311 4939 1427 5029 causa
1442 4935 1568 5025 sollici

138 5076 340 5182 *7²²
429 5106 434 5111 ·
818 5126 827 5143 ·
1496 5078 1571 5145 om
