3492 5975
730 1078 1575 1240 &nam-...blf

192 1230 266 1314 ttsti
284 1230 696 1342 superimponebant,
714 1237 757 1323 in
777 1260 953 1351 utroque
974 1242 1100 1327 latere
1124 1262 1323 1350 apertam,
1344 1267 1390 1331 ut
1408 1241 1577 1343 brachia

189 1342 396 1430 commode
413 1348 747 1454 extenderentur,
764 1375 858 1439 ante
882 1355 1026 1465 petius
1042 1384 1066 1441 a
1083 1355 1195 1442 collo
1215 1384 1345 1468 usque
1371 1359 1422 1445 ad
1444 1364 1574 1469 pedes

187 1481 260 1541 trux
284 1457 404 1546 lanea
426 1455 550 1546 rubra
576 1459 707 1549 tribus
733 1461 868 1578 digitis
897 1466 976 1555 lata
1009 1468 1133 1554 alluta
1158 1492 1260 1573 erat,
1278 1492 1324 1557 ut
1341 1469 1481 1587 imago
1501 1477 1571 1565 de·

184 1573 376 1674 monstrat,
393 1583 437 1658 δι
462 1600 576 1664 uum
594 1592 659 1671 81.
716 1577 833 1665 Plura
851 1580 904 1669 de
923 1578 1007 1668 hoc
1026 1581 1186 1685 ordine,
1203 1584 1270 1696 qui
1292 1604 1431 1671 tamen
1452 1583 1571 1681 brevi

186 1702 358 1794 tempore
396 1675 592 1774 extinflus
623 1683 723 1795 fuit,
764 1694 901 1781 retulit
923 1695 1234 1785 Elias.Asmules
1257 1700 1300 1786 in
1317 1699 1571 1796 nstitutum
1645 1725 1650 1732 '

186 1797 320 1888 ordinis
335 1799 583 1890 Periscelidis
603 1830 693 1915 cap.
718 1834 785 1894 11.
803 1801 879 1892 fol.
905 1827 973 1914 83.

825 1978 909 2066 XC

188 2118 460 2306 magnus
484 2119 804 2305 ,magister
839 2103 1103 2294 Equitum
1132 2127 1415 2306 'Pafflonis
1444 2126 1572 2307 Jesu'

749 2312 968 2485 Christi.

186 2510 340 2730 Hinc
360 2515 513 2606 Ordini
527 2519 707 2719 Magnus
716 2521 910 2635 Magister
929 2541 1120 2633 praeerat,
1130 2524 1197 2633 qui
1216 2519 1461 2612 indumento
1479 2554 1569 2618 non

289 2631 460 2722 ablimili
477 2633 600 2719 indue
634 2656 736 2736 atur,
757 2638 921 2720 extenso
943 2658 1083 2722 tamen
1104 2664 1233 2747 usque
1257 2637 1307 2723 ad
1323 2638 1450 2743 talos,
1483 2645 1568 2728 cui·

185 2776 255 2854 que.
277 2773 449 2836 crucem
478 2771 600 2833 aurea
629 2749 734 2833 linea
755 2746 885 2862 digito
910 2750 987 2834 lata
1008 2746 1298 2840 circumdabat.
1355 2753 1484 2838 Manu
1504 2758 1567 2841 in·

184 2862 280 2976 super
298 2861 564 2969 sceptri-loco
583 2861 753 2975 Virgam
773 2857 950 2964 ferebat,
968 2865 1007 2947 in
1029 2865 1140 2968 cujus
1162 2868 1276 2974 apice
1297 2892 1457 2952 nomen
1478 2868 1566 2973 lesu

183 3002 334 3066 turtum
354 2970 553 3089 fulgebat,
571 3002 655 3089 quo
684 2976 770 3084 ejus
791 2975 963 3090 dignitas
988 2971 1297 3090 significabatur,
1325 2978 1474 3093 caligas
1505 2984 1570 3069 ni·

183 3118 253 3205 gns
272 3086 464 3207 gerebat,
481 3084 634 3175 tibialia
652 3116 755 3176 vero
775 3088 878 3181 alba.
938 3086 1119 3177 Curabat
1144 3091 1231 3193 ille,
1270 3110 1316 3174 ut
1340 3093 1566 3205 Religionis

185 3201 457 3294 tantamne
477 3204 745 3305 servarentur,
776 3231 869 3313 quae
891 3205 1033 3316 viginti
1057 3198 1255 3313 capitibus
1282 3204 1564 3316 comprehen-

182 3319 380 3418 debantur,-
407 3317 535 3402 relata
565 3314 619 3405 ab
653 3318 794 3426 Equite
819 3317 1036 3421 iustiniano
1067 3318 1107 3400 in
1133 3344 1225 3429 pag.
1248 3323 1341 3422 697.
1398 3320 1565 3430 Equites

180 3456 261 3521 tuta
274 3432 505 3544 Religionis
518 3425 840 3540 profitebantur,
859 3432 988 3533 idest,
1012 3425 1310 3517 Obcdientiam
1337 3458 1435 3545 erga
1453 3434 1566 3520 Prin·

180 3551 318 3659 tipem,
346 3546 639 3654 Paupertatem
671 3554 710 3628 δι
733 3543 967 3629 Castitatem
990 3542 1262 3656 conjugalem.
1317 3546 1473 3631 Coram
1493 3547 1564 3634 illo

182 3667 343 3777 quinque
364 3657 611 3743 Conventus
630 3658 783 3740 statutis
811 3653 1073 3767 temporibus
1094 3652 1357 3759 tenebantur,
1384 3686 1564 3764 quorum

180 3779 317 3882 primus
338 3767 550 3871 dicebatur
568 3767 857 3882 Qotidianus
878 3774 919 3854 in
942 3796 1025 3880 quo
1045 3771 1378 3881 vigintiquatuor
1398 3772 1563 3882 Equites

181 3886 370 3975 consiliarii
399 3876 752 3986 numerabantur3
794 3884 1015 3970 secundum
1041 3882 1328 3994 particularem
1354 3882 1565 3989 dicebant,

181 4003 428 4117 quadraginta
447 3994 642 4083 militibus
665 3999 968 4107 compositum.'
1009 3997 1052 4082 ln
1071 3999 1196 4083 tertio
1223 3997 1435 4110 octoginta
1464 3997 1563 4085 ade·

181 4140 263 4210 taut.
279 4129 320 4203 δι
344 4139 542 4226 magnum
568 4109 779 4195 consilium
798 4106 1023 4201 dicebatur.
1084 4110 1290 4226 Qartum
1308 4114 1468 4222 singulis
1493 4142 1564 4199 an·

182 4224 568 4328 incelebratum&
587 4223 778 4337 generale
798 4224 952 4309 dilium
971 4224 1440 4311 omnesProvinciarum
1452 4227 1561 4308 Prae·

182 4342 335 4431 identes
358 4335 683 4450 componebant.
740 4337 784 4422 ln
805 4336 1159 4447 quintodenique,
1183 4334 1343 4447 singulis
1362 4336 1561 4422 sexenniis

183 4477 425 4556 convocato,
465 4452 577 4539 mille
602 4452 766 4559 Equites
787 4448 1130 4548 numerabantur,
1168 4474 1345 4558 quorum
1362 4450 1473 4534 votis
1492 4445 1561 4534 fir.

183 4568 362 4672 nubatur,
378 4564 572 4679 quidquid
592 4565 724 4675 magis
740 4586 1025 4674 opportunum
1042 4593 1119 4673 pro
1136 4563 1300 4673 optimo
1321 4559 1477 4646 ordinis
1495 4592 1562 4653 re·

184 4685 313 4791 glutine
334 4684 555 4773 videretur.
586 4745 590 4751 .
612 4677 765 4762 Praeter
786 4675 878 4762 haec
900 4676 1048 4762 decem
1061 4677 1288 4761 Administri
1300 4675 1458 4787 Magno
1470 4677 1560 4765 Ma-

185 4798 282 4903 gistro
303 4790 546 4894 allidebant,
571 4794 638 4902 qui
663 4789 817 4875 ordinis
837 4791 1171 4877 Conservatores
1191 4784 1511 4898 appellabantur,
1536 4819 1560 4878 a

186 4908 310 5017 quibus
325 4938 468 5025 poenae
488 4908 572 4996 teis
591 4900 940 5012 decernebantur,
970 4933 1066 4992 cum
1086 4903 1243 4992 ordinis
1267 4905 1409 4991 statuta
1430 4903 1559 5034 viola·

1410 5036 1560 5103 verant.
