3492 5975
682 1025 971 1172 'noo

136 1337 280 1414 &anna
298 1324 719 1434 deponerent,studia
736 1322 902 1412 subinde
923 1320 1129 1411 bonarum
1147 1328 1292 1412 attium
1312 1326 1516 1434 maiorum

132 1440 279 1524 suorum
304 1437 494 1548 exemplo
526 1439 760 1546 promovit,
797 1448 837 1523 δι
857 1437 1090 1525 Concilium
1107 1439 1373 1525 Lateranense
1401 1438 1515 1526 cele-

132 1547 265 1650 bravit,
283 1554 327 1644 in
345 1580 430 1662 quo
451 1547 606 1638 bellum
628 1571 772 1638 contra
790 1551 941 1640 Tutcas
963 1548 1169 1639 firmatum
1194 1556 1261 1638 eli·
1318 1553 1426 1638 Cum
1448 1581 1517 1638 au·

132 1685 207 1752 ttnr
222 1667 455 1754 Proventus
474 1664 527 1749 illi
549 1662 759 1765 addixerit,
774 1693 881 1780 quos
899 1660 1125 1776 excipiebat
1142 1694 1191 1753 ex
1214 1663 1402 1751 thesauro
1417 1666 1515 1750 Alu-

131 1779 254 1884 minis,
269 1775 438 1866 sedente
459 1779 531 1866 Pio
546 1779 592 1870 11.
613 1783 765 1888 reperti
789 1779 896 1890 apud
912 1782 1059 1866 Forum
1077 1779 1212 1866 Clodii
1231 1776 1388 1891 Tolpha
1411 1804 1516 1865 nun·

133 1910 340 2004 eupatnm3
365 1919 421 1979 ne
434 1894 476 1978 in
494 1892 838 1981 administratione
857 1895 961 1980 illius
987 1893 1117 2004 aliqua
1143 1888 1254 1982 fraus
1277 1895 1516 1980 committe·

132 2027 253 2110 tetur,
286 2017 331 2094 δι
347 2005 401 2094 ad
425 2007 533 2118 ipsos
550 2006 701 2094 Turcas
721 2007 858 2094 nullus
886 2008 1052 2093 alumen
1079 2005 1173 2092 illud
1204 2009 1517 2112 transmitteret,

133 2117 354 2234 Collegium
381 2119 775 2235 quadringentorum
802 2132 842 2209 δι
866 2124 986 2208 unius
1001 2122 1198 2208 Virorum
1220 2122 1386 2205 instituit
1404 2146 1515 2207 anno

133 2234 319 2346 vigestmo
340 2236 478 2346 primo
505 2236 621 2349 supra
639 2233 899 2322 millesimum
917 2237 1305 2349 quingentesimum,
1324 2236 1516 2320 constitu·

133 2343 259 2442 tione:
283 2348 389 2427 sicat
407 2344 570 2428 taudem
583 2345 660 2438 ἀι.
679 2376 785 2459 quos
800 2350 956 2434 Milites
983 2352 1021 2435 S.
1043 2349 1149 2436 Petri
1169 2351 1337 2436 vocavit
1354 2347 1517 2433 Partici-

133 2481 291 2570 putten
323 2459 490 2573 quibus,
510 2490 605 2547 cum
637 2462 775 2574 singuli
798 2462 911 2548 mille
940 2465 1124 2551 florenos
1150 2466 1233 2548 auri
1273 2461 1325 2547 de
1352 2488 1517 2549 camera

134 2597 196 2682 pto
206 2575 412 2662 Romanae
420 2575 607 2662 Ecclesrae
627 2570 931 2662 necessitatibus
950 2574 1205 2666 sublevandis
1223 2575 1517 2686 persolvissent,

133 2711 297 2774 annuam
317 2691 559 2800 penfionem
574 2691 781 2776 scutorum
795 2691 975 2800 quinque
995 2718 1074 2796 pro
1091 2691 1251 2804 singulis
1270 2692 1518 2778 centenariis

131 2799 295 2910 persolvi
318 2798 541 2906 mandavit,
564 2830 724 2913 eosque
744 2831 839 2890 com
854 2805 1138 2916 primogenito
1161 2801 1246 2889 filio
1264 2805 1371 2889 inter
1390 2804 1518 2889 Viros

129 2911 281 3003 nobiles
306 2917 509 3027 primariae
527 2914 751 3003 nobilitatis
772 2913 941 3004 adscribi
960 2918 1107 3022 voluit,
1140 2918 1331 3006 Comites
1347 2914 1425 3004 dici
1446 2918 1521 3005 Pa-

132 3022 194 3117 lttii
212 3030 512 3131 Lateranensrs,
532 3032 726 3141 pluraque
754 3030 966 3142 privilegia
997 3031 1143 3117 iisdem
1171 3025 1384 3133 concessit,
1413 3060 1520 3141 quo·

137 3164 208 3229 tun
231 3142 368 3254 aliqua
383 3146 424 3237 S.
443 3144 535 3229 Pius
551 3146 600 3231 V·
622 3147 845 3232 revocavit.
903 3147 1070 3230 Vestem
1092 3144 1168 3231 illis
1192 3145 1428 3255 praescripsrt
1452 3171 1519 3227 ru·

135 3246 235 3345 buu
247 3319 264 3364 ,
293 3250 562 3345 deferendam
585 3258 626 3344 in
647 3260 922 3346 coronatione
943 3252 1211 3359 Pontificum,
1240 3260 1398 3372 nigram
1415 3252 1520 3345 verb

132 3364 194 3456 dis
214 3368 464 3474 demortuis,
491 3372 577 3481 ejus
593 3365 762 3475 fotmae,
794 3399 920 3481 quem
939 3392 1090 3485 gerunt
1113 3367 1360 3459 cubicularii
1379 3371 1521 3457 Ponti·

131 3476 214 3570 ficit.
271 3484 482 3595 Torquem
499 3484 661 3596 insuper
688 3512 853 3573 auream
878 3508 972 3572 ante
994 3485 1153 3595 pesitus,
1171 3514 1293 3596 aquo
1311 3482 1521 3595 penderet

134 3596 323 3685 numilina
341 3626 435 3713 cum
455 3600 632 3714 imagine
661 3600 712 3684 D·
737 3601 844 3685 Petri
872 3600 913 3685 in
944 3626 1024 3684 una
1047 3603 1131 3705 eius
1152 3619 1290 3709 parte,
1326 3600 1371 3691 in
1397 3598 1523 3686 altera

134 3709 227 3797 verb
246 3713 413 3827 insignia
426 3710 636 3800 Pontificio
657 3734 915 3823 apparerent,
926 3734 971 3799 ut
986 3711 1139 3798 indicat
1159 3738 1274 3802 num.
1288 3728 1354 3816 85.
1398 3712 1520 3798 Hunc

137 3824 316 3911 ordinem
337 3824 481 3912 Paulus
501 3827 565 3914 lll.
591 3822 884 3936 confirmavit3
929 3830 983 3913 At
1004 3829 1096 3939 post
1119 3822 1284 3914 obitum
1309 3818 1519 3911 Pontificis

123 3936 215 4043 eius
229 3936 417 4048 splendor
432 3934 600 4034 defecit.
652 3941 857 4027 Remanet
883 3963 1024 4030 tamen
1047 3938 1178 4051 aliqua
1204 3939 1308 4027 illiue
1330 3937 1522 4026 denomi-

143 4052 241 4135 natio
260 4052 302 4137 in
319 4048 530 4140 Pontificio
547 4053 811 4143 Cancellaria.
849 4057 890 4139 in
914 4084 993 4166 qua
1013 4048 1165 4158 officia,
1201 4082 1294 4165 quae
1329 4047 1523 4140 vacabilia

144 4156 328 4267 dicuntur,
348 4165 386 4249 S·
405 4167 515 4268 Petri
525 4190 741 4278 vocantur,
760 4168 871 4259 nulla
896 4192 1038 4263 tamen
1058 4165 1285 4262 nobilitatis
1313 4185 1417 4257 nota
1434 4164 1523 4252 col·

146 4269 223 4385 lata,
241 4280 421 4394 spretio
439 4301 642 4380 emantur,

751 4432 897 4530 xctu.

524 4565 699 4732 Equo
753 4570 922 4695 diuus
977 4569 1129 4696 Pius.

205 4770 271 4859 lus
295 4768 481 4889 Quartus
511 4773 715 4881 Pontifex,
738 4804 834 4864 cum
862 4774 1048 4864 Ecclesiae
1079 4778 1283 4862 Romanae
1313 4767 1528 4873 AErarium,

224 4912 310 4978 aere
338 4890 475 4981 alieno
504 4912 748 5007 gravatum,
790 4890 1029 5095 invenilsgeg,
1062 4916 1116 4982 ne
1134 4885 1318 4980 subditos
1344 4879 1528 5112 nitgerrarpgt
