3492 5975
208 1246 350 1354 duint,
379 1254 546 1339 &inter
569 1247 656 1352 alia,
675 1272 720 1336 ut
739 1250 972 1366 coniugatis
991 1252 1211 1362 penfiones
1234 1249 1283 1336 aii
1312 1274 1386 1336 uas
1410 1273 1460 1336 ex

207 1357 336 1450 dotiis
353 1364 630 1475 perciperent,
659 1362 766 1450 &ad
784 1362 1013 1452 aiiossaros
1033 1362 1159 1452 Viros
1176 1275 1403 1451 transiture
1422 1389 1473 1471 pc

204 1474 338 1583 Huius
356 1477 511 1563 miiitiae
527 1476 801 1587 Principatuna
823 1478 984 1589 sumpiit
998 1476 1197 1580 Cosrtrus,
1236 1502 1366 1591 quem
1377 1474 1438 1560 aiii
1457 1477 1473 1561 i

205 1588 346 1678 Duces
367 1591 635 1684 retinuerunt.
692 1589 934 1702 Templum,
963 1601 1004 1679 ἃ
1025 1588 1276 1678 domitriium
1300 1591 1392 1676 Pius
1407 1583 1472 1675 hu

204 1700 289 1789 dini
306 1702 504 1792 tributum
527 1699 626 1808 fuit,
643 1717 703 1794 e&
721 1731 800 1815 pru
818 1704 959 1820 iniigni
982 1704 1090 1792 Crux
1109 1701 1231 1791 rubra
1245 1705 1359 1790 cruci
1375 1700 1473 1788 Mer

199 1827 276 1902 um
300 1818 490 1930 Equitum
516 1811 656 1905 forma
675 1844 764 1907 non
790 1811 1009 1921 diffimilis,
1038 1828 1078 1905 δι
1095 1807 1298 1929 praeterea
1315 1812 1470 1901 funicul

200 1955 281 2017 reo
300 1930 563 2021 circumdata.
616 1932 723 2019 Sunt
740 1933 781 2019 in
797 1958 852 2020 co
869 1929 1115 2021 Sacerdotes
1136 1942 1175 2019 dt
1200 1930 1465 2018 inservientes

200 2047 283 2129 cati
301 2045 468 2131 Donati.
523 2047 579 2130 At
596 2039 639 2131 hi
651 2072 818 2152 crucem
831 2071 923 2134 non
940 2038 1394 2157 quadrimembremsed
1410 2041 1473 2127 trit

199 2151 325 2243 brem
350 2151 598 2269 praeferunt,
633 2160 840 2272 fitperiore
863 2159 993 2271 stipite
1018 2155 1175 2264 ablato,
1195 2179 1364 2268 utraque
1384 2150 1455 2241 sub

202 2293 299 2402 rot.
319 2292 501 2382 apparet·
556 2271 715 2359 Vivunt
731 2268 801 2359 sub
818 2270 975 2386 Regula
989 2274 1031 2358 S.
1049 2270 1287 2409 Benedidi,
1315 2281 1356 2357 δι
1373 2268 1473 2357 casti

199 2380 1473 2608 attitifft‘tiz‘i‘tn,¹21i‘i‘12i‘2'i’3'23i30d34dn

197 2601 386 2696 funiculo
424 2607 496 2696 sub
529 2610 641 2700 collo
662 2613 774 2699 unita
787 2612 929 2699 floccis
949 2608 1083 2700 rubris
1111 2614 1356 2716 terminato,
1396 2610 1466 2719 qui

193 2722 413 2832 impofitus
432 2749 531 2838 erga
546 2724 690 2838 pedus
712 2723 947 2836 dependet,
975 2752 1068 2836 pars
1093 2726 1263 2813 interior
1281 2721 1472 2814 cucuilaer

198 2833 324 2922 serica
342 2835 422 2922 teia
448 2859 666 2924 exornatur
684 2900 698 2941 ‚
732 2865 827 2949 quae
847 2859 1017 2951 apparet
1037 2841 1081 2925 in
1101 2840 1273 2927 manicis
1290 2839 1405 2948 supra
1424 2832 1473 2922 br

199 2947 415 3054 revolutis,
434 2970 480 3045 ut
507 2972 677 3062 apparet
698 2953 740 3039 in
764 2953 958 3066 imagine.
1023 2952 1268 3042 Sacerdotes
1289 2953 1404 3062 supra
1432 2974 1473 3036 vr

197 3056 336 3148 albam
365 3058 606 3151 rochettum
628 3064 808 3167 addunt,
841 3078 883 3152 dt
907 3066 1115 3153 aimutiam
1143 3061 1304 3158 albam,
1334 3089 1458 3152 cruce

196 3176 340 3267 tritam.
397 3176 545 3264 famuli
569 3199 737 3267 utuntur
762 3180 879 3267 lanea
911 3177 1003 3266 alba
1031 3207 1126 3265 cunr
1153 3181 1324 3264 manicis
1344 3179 1473 3289 angui

197 3313 321 3375 cruce
339 3309 536 3378 truncata·
593 3293 701 3379 Cum
730 3321 910 3406 pugnam
933 3315 1090 3406 agunt,
1116 3293 1282 3407 Equites
1300 3312 1467 3379 utuntur

196 3395 290 3491 alba
308 3396 427 3495 brevi
446 3429 541 3495 curn
558 3430 681 3497 cruce
701 3407 861 3522 pedeti
873 3398 1012 3505 'affixa

823 3618 961 3711 extu.
1282 3700 1285 3707 Α

686 3806 864 3977 Equus
920 3802 1096 3935 stol.

259 4021 381 4128 Tola,
410 4048 505 4136 quae
522 4048 721 4142 exgtaeca
746 4054 856 4116 voce
883 4027 1054 4115 talarem
1082 4028 1253 4130 vestem,
1281 4027 1364 4114 five
1390 4053 1473 4140 apu

194 4172 231 4231 t
287 4138 525 4229 clefiasticus
560 4141 867 4229 sacerdotalem
901 4141 1044 4227 stolam
1075 4140 1280 4244 denotat,
1310 4141 1448 4252 quaed

191 4251 383 4369 pendens
400 4248 638 4358 ferrisolet,
659 4254 818 4343 aliusrve
839 4255 943 4341 vetd
965 4258 1152 4367 exprimit
1173 4250 1347 4359 funem,
1381 4272 1473 4366 qua¹

131 4380 132 4384 '
190 4368 273 4457 stus
293 4368 504 4456 Dominus
524 4367 711 4484 alligatus
731 4362 833 4471 fine,
854 4369 1089 4455 &Crucem
1108 4367 1320 4476 eiusdem,
1353 4394 1401 4453 ac
1417 4396 1473 4477 pr«

190 4478 513 4597 rcainlmodum
532 4484 678 4571 Crucis
695 4502 791 4570 ante
810 4481 954 4616 Festus
968 4477 1164 4616 defertur:
1202 4482 1305 4614 Haec
1320 4482 1473 4594 igiturs

189 4588 1473 4823 tritt?‘'itaisstssirtttitss‘ttttz{tutudisti}

191 4823 362 4963 ejuspue
380 4821 470 4908 usus
494 4826 732 4961 communis
747 4842 837 4911 erat
864 4816 1133 4961 §custoribus
1152 4817 1316 4956 tantum
1339 4831 1381 4909 dt
1400 4821 1473 4908 Cor

190 4927 293 5044 bus,
320 4932 621 5069 &exhumens
639 4932 852 5052 pendebat
871 4961 916 5026 ut
938 4934 1097 5050 sgnum
1113 4930 1355 5037 nobilitans.
1394 4933 1473 5054 Q.
