3492 5975
193 1094 264 1223 tt
605 1063 1263 1233 'onom-

831 1242 967 1329 xcrx.
1044 1298 1046 1303 -
1266 1197 1586 1234 “““““““““

443 1359 643 1521 nques
693 1360 983 1486 Romanus
1028 1363 1352 1523 ,Antiquae

194 1530 427 1746 DUpIex
447 1528 524 1632 fuit
541 1535 728 1642 Equitum
750 1561 882 1647 genus
910 1535 1016 1646 apud
1038 1536 1268 1621 Romanos.
1324 1532 1401 1620 Alii
1423 1527 1592 1641 fuerunt

326 1647 514 1756 Equites,
537 1648 712 1757 oppositi
736 1646 943 1734 Peditibus
966 1652 1007 1736 in
1033 1652 1236 1750 exercitu,
1271 1659 1312 1734 ὅ(
1342 1647 1396 1733 illi
1416 1643 1518 1733 nihil
1537 1642 1591 1734 ad

191 1759 425 1869 Equestrem
464 1755 576 1844 hunc
620 1757 812 1848 ordinem
850 1764 1137 1872 pertinuerunt
1170 1789 1184 1865 3
1227 1760 1304 1846 Alii
1332 1760 1437 1848 vetd
1471 1778 1591 1846 erant

195 1873 372 1982 opposui
413 1869 727 1976 senatoribus,
777 1886 818 1962 &
853 1877 898 1961 in
936 1877 1171 1990 Equestrcm
1208 1872 1399 1961 ordinem
1437 1870 1532 1959 letti
1564 1881 1624 1958 a·

194 1980 458 2077 Censoribus.
570 1988 750 2098 Popuius
783 1990 897 2075 enim
934 1987 1149 2077 Romanus
1183 2018 1207 2077 a
1241 1987 1435 2073 Romano
1470 1984 1590 2098 Rege

194 2097 340 2190 divisus
363 2094 439 2183 fuit
456 2100 498 2185 in
528 2101 749 2203 Patritios,
784 2111 824 2187 ὃ(
847 2098 1060 2199 Plebeios‚
1089 2100 1237 2189 deiude
1256 2126 1304 2189 ex
1321 2097 1491 2186 Patritiis
1516 2099 1591 2185 Se·

194 2212 377 2299 natorius
414 2223 454 2300 δι
480 2215 678 2324 Equestris
701 2213 807 2301 ordo
830 2216 1008 2302 secretus
1028 2208 1121 2307 fuit.
1195 2215 1309 2302 Cum
1327 2233 1467 2299 autem
1493 2237 1591 2298 orn·

194 2350 270 2410 nes
288 2326 467 2416 Romani
485 2331 621 2415 tunica
641 2326 808 2416 ordines
826 2330 884 2413 isti
905 2325 1268 2443 distinguerentur,
1297 2352 1394 2413 nam
1416 2326 1593 2411 Senato-

194 2464 263 2523 res
282 2449 321 2523 &
340 2440 504 2548 Equites
523 2443 704 2529 tunicam
721 2443 922 2531 ciavatam
941 2440 1185 2541 induerunt,
1215 2435 1335 2553 plebs
1351 2456 1490 2525 autem
1509 2438 1632 2525 stne„

197 2548 353 2657 clavis3
382 2550 538 2641 clavata
571 2556 708 2640 tunica
735 2549 832 2658 fuit,
868 2582 962 2666 quae
994 2556 1134 2644 clavos
1156 2578 1389 2666 purpureos
1414 2553 1596 2638 intextos

198 2664 266 2750 vel
285 2664 422 2750 saltem
445 2670 594 2755 assutos
614 2664 769 2769 habuit,
790 2691 858 2753 aut
877 2671 981 2755 latos
1001 2691 1069 2754 aut
1086 2670 1289 2781 angustos.
1346 2664 1503 2752 Ciavos
1523 2692 1595 2751 au-

200 2797 290 2863 tem
314 2779 423 2892 quai]
443 2781 568 2868 flores
587 2777 707 2868 fuiffc
723 2783 778 2868 ait
792 2783 981 2884 Rosrnua,
1003 2806 1194 2894 purpurae
1213 2784 1437 2895 segmenta,
1450 2779 1596 2866 utsunt

166 2913 169 2918 ’
200 2893 335 3001 ‘capita
360 2891 573 2980 clavorum
596 2893 791 2999 rotunda,
821 2894 931 3004 unde
952 2908 992 2983 &
1011 2919 1169 2982 nomen
1193 2917 1369 2994 traxere,
1398 2916 1528 3002 eaque
1552 2892 1597 2977 in

199 3004 369 3114 pedore
393 3010 511 3116 ipsius
529 3012 681 3096 tunicae
701 3011 846 3114 affuta,
874 3011 943 3096 vei
961 3012 1003 3095 in
1025 3011 1162 3095 tunica
1185 3006 1353 3118 dispersa
1374 3002 1595 3093 contendit

201 3117 402 3206 ferrarius
421 3121 472 3208 de
489 3150 531 3208 re
545 3126 644 3215 vest.
662 3120 728 3208 lib.
751 3149 787 3237 3.
812 3152 899 3233 cap.
926 3151 991 3210 12.
1012 3127 1174 3208 Licetus
1190 3122 1242 3208 de
1263 3148 1326 3205 an.
1340 3147 1430 3228 cap.
1450 3125 1518 3208 26.
1533 3111 1595 3205 af·

203 3229 353 3332 firmat,
370 3231 484 3320 fuiffc
507 3232 669 3324 fasciam
689 3265 965 3348 purpuream,
994 3263 1087 3349 quae
1105 3237 1284 3320 tunicam
1301 3228 1597 3336 circumdabat,

133 3347 144 3369 ²
204 3374 300 3463 quae
318 3354 344 3434 sr
361 3348 442 3434 lata
454 3352 697 3436 Senatorem
716 3348 949 3451 indicabat,
980 3352 1185 3460 stangustu
1201 3349 1401 3457 Equitem.
1457 3341 1601 3433 Plebe-

201 3461 266 3573 jos
288 3459 392 3547 vero
415 3461 579 3573 simplex
593 3466 729 3548 tunica
748 3460 931 3575 tegebat.
986 3465 1150 3571 Insuper
1178 3462 1308 3569 Equiti
1337 3457 1508 3546 annulus
1524 3486 1598 3548 au·

203 3596 300 3658 reus
316 3569 586 3687 aflignabatur
599 3575 763 3677 solidus,
783 3575 898 3661 idest
920 3579 1000 3660 stne
1020 3602 1202 3688 gemma,
1230 3575 1341 3660 iicuti
1360 3568 1489 3658 hodie
1514 3570 1599 3659 cal·

205 3714 273 3774 car
294 3716 473 3774 aureum·
530 3690 636 3774 Nam
668 3685 876 3775 referente
901 3683 1243 3796 isidorolib.19.¹
1269 3715 1360 3796 cap.
1388 3713 1454 3789 32.
1473 3686 1598 3774 Sena·

205 3823 321 3888 tores
345 3825 581 3915 gemmatos
603 3797 819 3903 ferebant,
849 3799 999 3887 Plebeii
1018 3797 1194 3888 ferreos.
1251 3801 1420 3887 Tunicae
1437 3799 1600 3913 Togam

207 3910 439 4018 addebant,
480 3916 592 4021 cuius
628 3937 767 4004 autem
797 3911 950 4000 formae
973 3913 1098 4019 effet,
1121 3940 1208 4000 non
1235 3914 1290 3999 ita
1307 3935 1469 4000 certum
1491 3911 1603 4025 apud

208 4032 386 4120 brunes.¹
432 4027 547 4140 Toga
571 4023 783 4114 dicebatur
815 4057 839 4113 a
868 4026 1083 4142 tegendo,
1106 4047 1152 4112 ut
1168 4027 1222 4112 ait
1235 4028 1449 4128 Nunnius,
1484 4024 1603 4136 qubd

205 4161 345 4232 totum
362 4165 515 4251 corpus
544 4161 726 4253 tegeret,
755 4170 849 4226 cum
879 4163 1019 4227 tamen
1040 4141 1123 4226 laxa
1141 4142 1241 4227 eii’et
1258 4152 1298 4227 δι
1324 4139 1481 4251 ampla,
1509 4135 1604 4227 sub-

207 4249 448 4368 cingebatur
472 4256 575 4362 juxta
597 4253 754 4365 aliquot
784 4258 1038 4366 Scriptores,
1068 4254 1131 4341 alii
1149 4274 1290 4340 tamen
1313 4272 1480 4370 negant,
1503 4282 1605 4363 pro-

206 4364 389 4479 bantque
399 4366 507 4480 apud
522 4369 761 4471 Ferrarium,
779 4371 887 4481 cingi
908 4395 995 4454 non
1014 4369 1216 4479 potuisse,
1249 4366 1347 4455 cum
1359 4386 1606 4453 totumcor·

208 4508 287 4595 pus
315 4481 580 4586 involveret3
606 4480 714 4567 iilam
740 4506 880 4569 tamen
901 4481 1080 4594 gestandi
1101 4479 1281 4567 modum
1299 4475 1450 4585 fuisse,
1477 4505 1609 4590 quem

207 4614 365 4707 togatae
381 4598 522 4680 statuae
559 4594 864 4700 demonstrant,
889 4618 936 4680 ut
966 4592 1152 4681 dextrum
1179 4591 1396 4700 brachium
1418 4620 1609 4687 exerere·

208 4726 289 4810 tur,
305 4706 498 4796 sinistrum
520 4733 657 4796 autem
680 4713 768 4796 non
798 4731 964 4821 poterat
985 4709 1117 4809 exeri,
1146 4708 1325 4819 alioquin
1344 4729 1444 4822 toga
1464 4736 1513 4813 ex
1530 4703 1608 4805 hu-

140 4890 148 4897 .
209 4822 338 4909 meris
360 4823 542 4932 prolapsa
568 4824 617 4911 ad
647 4821 776 4934 pedes
798 4822 1028 4925 decidisset,
1062 4818 1130 4907 sed
1146 4818 1217 4907 sub
1241 4824 1322 4933 ipsa
1346 4843 1445 5025 τοῖα
1463 4842 1608 4918 exten·

110 4969 113 4973 ·
210 4936 322 5047 sum,
351 4957 576 5028 extremam
598 4941 717 5055 ipsius
736 4965 856 5032 oram
875 4940 918 5027 in
934 4962 1056 5052 rugas
1080 4935 1334 5029 contradant
1354 4936 1396 5027 su
1428 4932 1612 5139 ducebas

1556 5077 1583 5142 a
