3492 5975
197 1215 357 1304 fidelibus
375 1216 708 1317 commendaret,
728 1219 860 1326 paruit
878 1219 1140 1320 Dominicus,
1162 1237 1282 1331 atque
1303 1239 1348 1305 ut
1372 1218 1579 1310 celebrio-

196 1334 217 1417 ti
232 1333 336 1417 culm
361 1333 766 1439 reciperem-anno
791 1357 913 1435 1209.
945 1330 1175 1446 religiosam
1197 1332 1385 1420 militiam
1410 1338 1576 1428 instituit

194 1443 242 1531 nb
257 1443 528 1530 invocatione
551 1444 591 1534 S.
609 1444 755 1529 Mariae
773 1444 955 1557 Virginis
974 1446 1140 1537 Rosarii.
1176 1447 1355 1534 Crucem
1375 1446 1579 1563 gerebant

193 1558 376 1668 eiusmodi
401 1556 569 1657 milites,
594 1558 764 1644 similem
788 1556 860 1658 illi,
878 1586 1007 1669 quarn-
1018 1558 1310 1648 Constantinus
1331 1559 1480 1651 Ordini
1495 1567 1578 1654 An·

192 1673 306 1787 gelico
327 1670 637 1781 praescripserat,
655 1670 802 1756 colore
821 1692 963 1759 tamen
983 1673 1132 1783 partim
1152 1676 1288 1788 nigro,
1335 1678 1455 1764 urtim
1477 1677 1575 1769 albo

191 1787 409 1898 expressam,
431 1794 475 1870 δι
496 1788 539 1869 in
556 1808 706 1870 centro
723 1786 767 1869 B.
783 1787 963 1898 Virginis
978 1788 1119 1899 imago
1149 1704 1374 1899 apparebat
1392 1818 1490 1886 cum
1513 1794 1576 1880 in·

189 1895 281 1987 fante
309 1901 412 2007 Jesu,
470 1901 511 1983 ui
531 1898 650 1983 srmul
677 1927 773 1984 cum
790 1901 926 1987 Matre
952 1913 1134 1985 coronas
1153 1927 1280 1989 manu
1306 1901 1576 2020 porrigebatt

190 2013 283 2101 llam
300 2040 423 2124 erpre
460 2037 568 2099 unus
587 2008 657 2099 sub
681 2038 796 2099 num.
815 2027 880 2110 67·
934 2009 1212 2102 confirmavit
1240 2011 1349 2104 hanc
1385 2018 1574 2109 militiam

188 2126 436 2220 innocentius
470 2127 535 2214 lli.
570 2128 683 2213 varia
708 2128 920 2241 privilegia
951 2128 1007 2212 illi
1041 2123 1243 2215 tribuens.
1304 2130 1572 2222 Tenebantur

187 2239 333 2357 incites
350 2240 406 2328 ad
416 2268 538 2328 arma
554 2235 771 2329 inferenda
784 2262 932 2328 contra
947 2241 1182 2350 Haereticos
1198 2238 1503 2357 Albigenses,&
1521 2247 1575 2337 ad

186 2352 380 2443 llosrnium
404 2352 639 2442 dicendum.
697 2351 806 2442 Cum
839 2374 979 2443 autem
1010 2352 1117 2442 bella
1138 2357 1362 2462 cessassent,
1383 2355 1477 2446 haec
1505 2364 1573 2475 pia

186 2471 310 2558 militia
333 2471 521 2558 Societas
544 2472 667 2556 evasit
686 2470 1013 2579 conscriptorum
1042 2497 1090 2556 ex
1110 2475 1227 2557 omni
1246 2471 1462 2562 Terrarum
1487 2477 1573 2589 pla·

186 2609 234 2698 gr,
250 2587 319 2697 qni
335 2585 549 2672 Rosarium
569 2588 609 2669 in
638 2580 851 2670 honorem
873 2584 918 2676 Β.
935 2585 1115 2698 Virginis
1140 2580 1206 2695 pid
1229 2587 1416 2688 recitant,
1435 2610 1482 2675 ut
1496 2592 1576 2679 Pa·

187 2700 391 2787 recinium
411 2702 499 2809 eius
522 2702 749 2809 impetrent
779 2700 821 2784 in
841 2715 1083 2808 quacunque
1102 2693 1355 2795 neceffitate.
1411 2701 1573 2791 Adver-

186 2811 339 2898 tendum
357 2815 417 2900 est
444 2829 540 2898 cum
568 2813 612 2903 P.
639 2809 802 2898 Andrea
827 2811 988 2916 Mendo
1014 2812 1067 2898 de
1087 2811 1177 2898 ord·
1196 2859 1198 2868 ·
1214 2813 1301 2900 mil.
1328 2843 1368 2926 q.
1394 2846 1436 2920 4.
1462 2811 1573 2905 hanc

187 2925 352 3014 militiam
373 2926 523 3012 <lislam
542 2924 594 3012 de
618 2924 786 3011 Rosario
814 2923 996 3011 credam
1022 2921 1139 3014 fuisse
1158 2925 1292 3015 Toleti
1316 2955 1339 3014 a
1359 2927 1570 3019 Roderico

188 3036 461 3157 drchipraesule
477 3042 696 3140 Toletan0,
728 3035 800 3125 sub
829 3038 988 3154 Regula
1006 3042 1056 3149 ’3.
1076 3042 1304 3143 Dominici,
1327 3063 1375 3128 ut
1399 3046 1572 3150 Mauris,

188 3175 255 3241 earn
274 3152 438 3241 urbem¹
455 3155 563 3262 saepe
593 3148 899 3256 invadentibus,
930 3149 1179 3242 obfisterent·
1264 3153 1399 3269 Quod
1426 3178 1569 3249 tamen

189 3270 374 3359 conciliari
392 3271 528 3383 potest
546 3294 643 3357 cum
660 3269 896 3358 narratione
911 3268 1116 3381 exposita..

405 3619 600 3785 OEquos
655 3617 713 3776 S,
749 3479 1002 3758 JLdebbiae
1043 3589 1322 3799 Gloriofie}

209 3861 297 3956 liter
316 3883 502 3953 caeteros
517 3867 732 3975 Equestres
747 3862 919 3955 ordines
933 3869 1188 3982 excogitatus
1202 3861 1281 3956 fuit
1301 3864 1567 3977 ordo,dislus

227 3983 262 4072 S.
281 3981 431 4066 Mariae
462 3980 668 4093 gloriosse,
697 3979 748 4068 ad
774 3978 1044 4091 pacificandos
1072 3982 1196 4071 ltaliae
1216 3984 1432 4090 Civitates,
1455 4014 1567 4077 anno

185 4084 396 4198 fere1233.
450 4090 640 4181 Authore
661 4090 977 4183 Bartholomaeo
995 4098 1239 4200 Viceotino,
1264 4099 1437 4188 Ordinis
1455 4104 1581 4189 Prae··

184 4201 410 4309 dicatorum,
430 4211 570 4318 postea
588 4208 675 4316 ejus
694 4205 821 4297 Urbis
839 4210 1059 4321 Episcopo,
1081 4233 1204 4324 atque
1229 4212 1310 4299 tale
1337 4210 1581 4303 institutum·

183 4312 352 4409 Urbanus
376 4321 446 4412 lV.
476 4324 584 4408 circa
611 4350 706 4409 ann·
734 4331 857 4429 1263.
885 4321 1144 4436 approbavit.
1201 4326 1335 4437 Leges
1376 4326 1566 4413 condidit

183 4427 353 4523 Ruffinus
378 4435 540 4549 Gorgo,
562 4433 773 4524 Pontificis
803 4437 1143 4525 Poenitentiarius·
1201 4438 1351 4553 inillis
1383 4440 1583 4550 praescri-'

183 4537 356 4655 bebatur,
391 4571 437 4636 ut
463 4552 645 4637 tunicam
674 4547 827 4655 albam,
857 4546 1231 4639 &subcinericiam
1259 4574 1403 4667 togam
1435 4552 1586 4648 induti·

183 4683 330 4753 erucem
351 4684 600 4775 purpuream
621 4661 778 4753 duabus
808 4664 1126 4779 superimpositis
1152 4666 1271 4754 stellis
1288 4664 1568 4782 'praefetrentg

183 4776 328 4881 qualern
345 4776 500 4865 indicat
515 4805 630 4867 num·
655 4785 721 4876 68.
776 4778 910 4895 Aliqui
929 4800 1070 4866 tamen
1094 4779 1279 4871 referunt
1299 4790 1453 4874 variam
1472 4781 1582 4876 suis·-

181 4885 221 4975 se.
242 4920 339 5015 nam
351 4890 474 4987 multi
493 4888 699 5009 gerebant
716 4919 900 5001 erucem,
925 4890 1059 5095 milgis
1084 4896 1257 5013 longam
1278 4925 1405 5011 quarn
1425 4902 1567 5004 latam,

457 5032 463 5040 ’
1024 5034 1053 5101 2
1527 5026 1569 5107 δί
