3492 5975
526 1237 1572 1268 m—-nu--u—-ffl—

191 1239 779 1392 lid-Archanffii'implorans,
805 1308 920 1368 arma
931 1300 1078 1367 contra
1093 1280 1276 1388 iniquum
1290 1272 1452 1363 hostem
1467 1279 1572 1366 susct

194 1383 281 1492 pit3
303 1411 385 1488 nec
407 1392 475 1500 spe
495 1384 718 1499 frustratus,
742 1390 1017 1482 Barbarorum
1034 1394 1156 1478 Acies
1173 1383 1365 1501 diss'rpans
1387 1393 1513 1477 casin
1526 1387 1572 1477 fu

193 1521 292 1607 gam
310 1504 515 1611 conjecit
548 1506 625 1592 lllic
646 1510 759 1594 eninr
780 1510 820 1605 S,
840 1503 1124 1619 Archangelus
1141 1508 1181 1592 se
1201 1533 1279 1615 pro
1302 1499 1572 1615 Alphonsotl

194 1610 420 1704 micantem
450 1618 698 1724 ostendens,
726 1618 950 1708 horrorem
968 1618 1102 1704 intulit
1125 1630 1166 1704 δε
1196 1639 1370 1712 metum.
1428 1618 1487 1703 Ut
1505 1614 1572 1703 ho

190 1724 428 1840 prodigium
463 1730 725 1819 Posterorum
761 1740 981 1820 memoriae
1005 1731 1187 1819 traderet
1209 1727 1456 1841 Alphonsus,
1478 1758 1572 1817 anni

190 1861 315 2036 217¹?
346 1841 539 2041 Eqd'imm
567 1845 758 1936 ordinem
780 1848 944 1936 instituit
961 1842 1030 1983 sub
1054 1847 1172 1932 titulo
1193 1844 1283 1930 Alae
1302 1845 1353 2043 Sl.³
1366 1839 1572 1977 Miclraeli

191 1959 1572 2186 ,ll,²lrll,l,tl,l⁸lllltlzl’lllllilddl'di

191 2195 237 2254 ut
254 2185 390 2260 Deus?
419 2186 529 2274 ficuti
557 2183 808 2277 demonstrat
827 2214 943 2278 num,
963 2215 1029 2290 72.
1061 2188 1196 2298 Aliqui
1215 2207 1357 2273 tamen
1384 2178 1572 2274 referunt

190 2289 255 2375 illa
276 2289 362 2378 duo
375 2295 454 2383 lilia
474 2323 521 2382 ex
540 2311 645 2386 auro
659 2300 877 2393 efformata
888 2295 1020 2392 fuisse.
1034 2301 1076 2387 P·
1087 2300 1271 2387 Andreas
1285 2296 1447 2386 Mendo
1459 2292 1572 2387 refer

191 2428 242 2489 err
259 2403 481 2495 Annalibus
501 2411 658 2499 ordinis
670 2413 989 2518 cistercienci
1007 2414 1049 2500 Ρ.
1058 2414 1219 2531 Angelo
1231 2413 1572 2522 Manriquezcon

191 2516 371 2628 scriptis,
405 2543 511 2609 tom.
524 2552 561 2612 2.
582 2525 734 2616 Eorum
750 2530 902 2650 insigne
914 2523 1029 2616 fuille
1049 2526 1167 2612 Alam
1179 2524 1369 2627 rubram,
1383 2526 1572 2615 aureista

194 2627 271 2718 diis
285 2629 592 2739 circumdatam,
612 2659 658 2728 ut
677 2662 846 2752 apparet
862 2638 930 2728 sub
948 2669 1062 2727 num.
1074 2637 1242 2743 eodem,
1262 2637 1472 2749 additque,
1484 2640 1572 2747 ejus

193 2741 311 2835 modi
325 2745 537 2866 Equitibur
549 2752 803 2874 praescriptas
817 2750 932 2845 fuisse
944 2755 1118 2875 Regulus
1136 2753 1291 2846 ordinis
1305 2753 1572 2845 Cillercienlir

345 3112 546 3281 OEques
587 3111 640 3243 S.
692 2953 1000 3243 Miclddls
1035 3117 1180 3289 apud
1218 3117 1435 3300 §allon

192 3360 505 3577 PRaeclarum
527 3365 816 3454 Romanorum
837 3391 1005 3455 morem
1031 3356 1275 3451 nobilitandi
1294 3385 1443 3474 torque
1462 3389 1572 3457 auter

272 3471 323 3561 ad
357 3472 502 3565 Gallos
529 3479 701 3566 traduxit
721 3479 956 3568 Ludovicus
975 3479 1040 3567 Xl.
1077 3505 1173 3564 cum
1194 3504 1304 3563 anno
1330 3483 1451 3582 1469.
1476 3476 1571 3567 ordi

192 3614 294 3677 nem
322 3589 374 3675 D.
401 3585 617 3680 Michaelis
636 3586 843 3678 Ambosrae
876 3593 1068 3693 instituit,
1108 3600 1150 3675 dt
1167 3586 1340 3700 symboli
1360 3591 1460 3677 loco
1474 3590 1572 3699 Equi

194 3722 259 3793 tes
279 3703 480 3818 inignivit
499 3727 648 3817 torque
669 3731 796 3793 aureo
815 3733 864 3791 ex
883 3701 1069 3791 cochleis
1091 3704 1244 3791 interse
1264 3699 1572 3807 haerentibus,d

192 3815 1572 4128 llll,{altillllllfflzluirllfiatil‘sslirllll

192 4043 266 4133 tris
286 4041 426 4133 carot
443 4044 531 4131 Vll.
547 4047 612 4132 cui
661 4073 709 4134 to
720 4048 862 4161 inligni
878 4043 1027 4132 bellico
1039 4040 1158 4154 hujus
1169 4043 1413 4159 Archangeli
1427 4039 1569 4160 effigie

190 4150 284 4252 fuit.
341 4154 385 4243 ld
404 4157 609 4274 originem
630 4075 778 4247 debuit
794 4156 845 4246 ab
866 4159 1000 4244 illustri
1030 4159 1247 4264 miraculo,
1265 4186 1361 4246 cum
1381 4160 1422 4244 in
1444 4160 1572 4268 praelit

191 4270 244 4361 ad
259 4288 436 4387 pontem
449 4270 779 4362 Aurelianensem
791 4273 950 4388 Anglos
971 4293 1262 4388 oppugnantes
1280 4272 1572 4386 propulsavitl]

192 4381 375 4475 Michael
402 4387 446 4472 in
479 4386 592 4474 coelo
619 4413 835 4497 apparens.
928 4387 1029 4475 Mos
1054 4393 1111 4474 est
1124 4383 1323 4500 Regibus,
1333 4384 1419 4474 hoc
1438 4412 1572 4475 muno

193 4502 318 4587 etiam
333 4502 480 4588 exteris
496 4496 750 4614 Principibus
766 4495 975 4589 conferre.
993 4502 1035 4587 in
1053 4497 1364 4589 benevolentiae
1380 4484 1572 4589 indicium

193 4614 264 4813 gui
282 4616 309 4699 ίί
328 4641 478 4701 eorum
502 4610 644 4702 hostes
663 4615 792 4702 velint
810 4612 907 4718 else,
934 4635 1131 4724 torquem
1150 4617 1380 4719 remittunt,
1406 4637 1454 4701 ut
1472 4641 1572 4702 omn

224 4750 464 4815 aeramento
484 4728 599 4815 soluti
612 4728 727 4817 alteri
743 4730 918 4839 Principi
932 4750 1105 4838 operam
1120 4730 1230 4814 suam
1241 4750 1408 4820 navent.
1462 4729 1571 4837 Huic

195 4837 355 4927 ordinit
363 4843 523 4955 regulas
533 4843 968 4930 recensuit-franciscus
979 4841 1241 4929 sansovinus.
1297 4840 1572 4958 Torquemd'e

194 4958 324 5071 srgnu
341 4978 458 5049 num.
469 4981 536 5071 73.
551 4956 737 5069 Vellem,
753 4984 833 5072 qua
848 4976 1022 5049 utuntur
1039 4954 1338 5067 inaiiionibus,
1367 4974 1572 5189 mgfooffi
