3492 5975
171 1064 262 1154 ,4ο

404 1151 1053 1178 mmo——
1218 1142 1604 1169 -*

191 1159 587 1282 boidm'femulatue
618 1183 779 1276 videtur
810 1185 1005 1287 Carolus,
1044 1148 1324 1271 minem
1344 1172 1397 1266 ab
1427 1174 1598 1282 insidiis,

192 1303 401 1420 periculis,
429 1310 470 1389 δι
490 1299 765 1411 cujuscunque
791 1294 975 1411 fortunae
995 1294 1152 1386 casibus
1175 1296 1380 1380 munitum
1409 1297 1598 1378 ostentu·

192 1441 261 1619 get
282 1440 298 1525 ς
344 1413 539 1525 squidem
559 1415 726 1526 ingenio
744 1442 766 1499 a
782 1434 926 1501 natura
944 1414 1147 1497 munitum
1159 1408 1237 1495 trie
1253 1406 1403 1491 animal
1415 1404 1532 1492 srmul
1547 1429 1599 1490 ae

213 1556 375 1620 ererum
389 1526 569 1618 odorem
584 1528 761 1629 senserit,
777 1529 820 1613 in
836 1520 988 1613 orbern
1003 1528 1041 1611 se
1055 1524 1226 1635 colligit.
1244 1518 1452 1605 testudinis
1472 1541 1598 1605 more

194 1646 329 1734 rostro
348 1636 604 1751 pedibusque
624 1640 862 1740 contractis,
885 1662 1067 1753 tergore,
1085 1641 1177 1746 piiae
1188 1638 1304 1719 instar
1318 1626 1598 1746 conglobato,

197 1758 318 1870 spinis
333 1755 538 1839 munitum
550 1751 940 1846 adincolumitatem
953 1750 1100 1842 erestie
1121 1770 1279 1854 menet,
1293 1756 1335 1838 dt
1353 1744 1598 1838 contestum

194 1862 393 1966 omnibus
411 1861 723 1961 formidabilem
735 1865 884 1959 reddit.

452 2186 461 2197 ’
597 2154 790 2321 OEqrm
835 2154 881 2283 S
879 2249 894 2280 .
944 2153 1210 2293 Hubertr‘.

332 2379 384 2438 nc
392 2353 584 2463 Equitum
602 2353 808 2441 Ordinem
826 2353 1028 2441 instituisse
1042 2351 1405 2456 dicituran.,1445.
1416 2343 1603 2446 Gberas·

152 2521 155 2527 .
294 2467 418 2566 dus,
447 2466 674 2571 Juliacensrs
698 2470 804 2568 Dux,
829 2465 962 2579 pr‘ope
984 2466 1187 2580 oppidum
1214 2466 1481 2577 Westphriiae
1514 2461 1600 2552 Re·

193 2574 496 2690 vensbergam.
533 2577 591 2665 ob
609 2583 805 2693 insignem
831 2580 1056 2668 visionem.
1080 2607 1204 2694 quam
1222 2580 1380 2681 tetulit,
1404 2575 1597 2695 Amoldo

195 2690 380 2782 Geldriae
400 2693 520 2780 Duce
542 2691 731 2795 devisto,
761 2697 829 2804 qui
848 2694 1111 2795 lubucensem
1139 2694 1356 2780 Ditionem
1380 2692 1599 2795 invaserit,

195 2827 244 2892 ut
257 2832 350 2893 eam
362 2808 526 2914 penitus
540 2802 777 2898 devastaret
810 2802 1285 2894 S.HubertiSocietatem
1300 2800 1599 2893 commilitium

194 2919 379 3020 vocavit,
407 2922 449 3004 in
465 2947 587 3030 quum
602 2920 712 3008 solos
727 2942 825 3007 natu
842 2917 1007 3008 nobiles
1028 2914 1284 3011 admittebat.
1337 2916 1595 3031 Singuiitor-

195 3053 516 3147 quemaureum
535 3029 761 3147 gerebant,
795 3063 928 3144 aquo
961 3036 1157 3119 numisma
1180 3058 1350 3118 aureum
1378 3027 1596 3142 depende·

93 3188 97 3195 ’
195 3142 271 3237 bat
298 3173 394 3232 cum
423 3148 604 3262 imagine
622 3150 660 3236 S.
688 3145 877 3250 Huberti,
897 3145 1042 3234 Christi
1055 3143 1231 3234 crucifixi
1251 3140 1458 3259 effigiem,
1486 3145 1597 3230 inter

195 3287 352 3371 cornua
363 3259 489 3348 Cervi
507 3261 770 3366 collocatam,
782 3261 1005 3349 adorantis.
1062 3263 1204 3349 Narrat
1218 3262 1353 3345 Surius
1364 3258 1429 3345 die
1457 3258 1598 3360 3.Νο-

196 3367 339 3460 vemb.
360 3371 407 3461 Β.
423 3369 655 3460 Hubertum
679 3371 807 3460 filium
827 3370 942 3461 fuisse
963 3374 1175 3462 Bertrandi
1197 3375 1327 3460 Ducis
1347 3373 1597 3480 Aquitaniae,

195 3494 238 3597 bc
253 3487 290 3572 ei
309 3479 445 3570 adhuc
459 3485 624 3599 Pagano
640 3489 852 3575 venationi
868 3483 1048 3574 ferarum
1060 3515 1232 3597 operam
1244 3484 1370 3588 danti,
1388 3482 1599 3572 Christum

197 3599 307 3695 inter
323 3624 480 3684 cornua
493 3599 620 3688 Cervi
639 3599 876 3712 apparuisse,
889 3626 1067 3707 eumque
1085 3622 1130 3684 ut
1145 3600 1194 3686 ad
1212 3596 1477 3686 Lambertum
1494 3597 1598 3705 Epis!

196 3712 291 3815 iret,
313 3709 582 3805 admonuisse.
637 3708 703 3800 Ab
721 3739 776 3799 eo
803 3739 907 3798 vero
924 3709 1160 3799 humaniter
1179 3736 1421 3819 exceptum,
1453 3711 1497 3796 in
1511 3706 1597 3798 fide

195 3824 447 3929 instrustunr,
469 3846 591 3936 atque
616 3824 736 3913 undis
756 3822 992 3914 salutaribus
1018 3829 1222 3935 expiatum
1240 3820 1370 3919 fuisse.
1426 3821 1596 3912 Deinde

82 3952 86 3959 '
195 3932 1598 4052 Romrmprofestumedvisrtmdrnpostiimina,mortuoS.Larn·

196 4044 340 4152 berto,
359 4051 401 4136 in
418 4051 504 4158 ejus
521 4051 662 4138 iocum
685 4049 965 4167 subrogatum.
1020 4053 1228 4162 Ejusmodi
1247 4056 1489 4163 Equestrern·
1508 4049 1597 4136 Or-

197 4158 362 4267 dinem,
388 4164 469 4272 jam
493 4190 602 4277 pene
618 4167 838 4253 extinstum
857 4167 1047 4253 Sereniss.
1078 4164 1596 4271 loan.Wi1he1musS.R.

197 4277 228 4373 1.
248 4272 533 4388 Archidapifer
548 4277 1231 4394 EsedorPalatinusNeoburgicus,
1251 4281 1402 4366 iterum
1412 4278 1596 4384 restitnit,

193 4392 438 4502 conscriptis
465 4389 652 4485 illustriss.
680 4388 768 4480 imb
790 4393 980 4481 sereniss.
1010 4394 1146 4494 Viris,
1194 4389 1341 4507 quibus
1373 4386 1598 4502 pensiones

164 4506 168 4511 ’
195 4496 410 4616 uffignavit
425 4531 475 4594 ec
491 4504 600 4620 lege,
615 4527 662 4592 ut
682 4505 843 4621 ungulis
861 4508 978 4617 annio
994 4507 1199 4596 decimam
1217 4526 1376 4615 partem
1394 4503 1596 4592 Xenodo-

197 4612 299 4705 chio
321 4616 550 4728 Pauperum
570 4615 826 4721 tribuerent,
852 4621 952 4706 ficut
973 4622 1014 4705 in
1033 4621 1113 4730 ipsa
1134 4614 1384 4705 admissionis
1403 4617 1469 4703 die
1493 4645 1594 4705 cen·

197 4734 289 4829 tum
315 4756 490 4835 aureos,
510 4759 617 4842 quos
639 4729 819 4845 [Iegem
845 4756 1012 4823 vocant.
1068 4734 1194 4820 Causa
1212 4730 1444 4821 restituendi
1470 4728 1594 4838 huius

196 4840 356 4936 urdinie
378 4833 457 4936 suit
479 4869 724 4962 recuperata
738 4849 930 4965 Dignius
953 4839 1346 4964 Archidapifetatur,
1364 4873 1446 4963 qua
1493 4847 1595 5053 rislri

1427 5022 1432 5034 2
1495 4985 1518 5054 C
1563 4987 1594 5054 0
