3492 5975
1027 1181 1541 1236 -···········-····t

113 1217 253 1328 ictam
283 1207 442 1303 seceffit
465 1214 578 1300 limul
604 1215 701 1300 c'um
723 1216 795 1300 suo
817 1211 980 1303 infante
998 1215 1208 1322 ladislao,
1245 1244 1372 1330 quem
1408 1223 1533 1312 Sum·

109 1360 222 1421 mus
263 1321 451 1418 Pontifex
501 1321 691 1415 Urbanus
725 1328 797 1420 vt
840 1329 1099 1443 legitimum,
1120 1331 1283 1447 Regem
1348 1333 1529 1427 declara-

111 1449 201 1550 vit.
299 1443 471 1530 Interim
522 1436 623 1529 Urbi
675 1442 960 1553 Neapolitanae
1021 1444 1228 1534 Triremes
1280 1446 1531 1563 Margaretae
1570 1497 1574 1507 ·

114 1555 291 1646 bellum
310 1555 521 1660 intulere,
557 1558 599 1642 in
622 1585 707 1666 quo
732 1555 1020 1671 quamplurimi
1039 1558 1298 1671 Neapolitani
1329 1561 1573 1658 Procnes-.-

111 1672 519 1788 irtRegionel'ortae
531 1671 667 1756 Novae
677 1667 1034 1759 enumeratiUrbis
1048 1668 1335 1762 defensionem
1349 1665 1551 1789 suscepes‘

115 1809 251 1890 runt,
281 1797 323 1877 dt
341 1807 389 1871 ut
404 1782 426 1869 al
444 1784 606 1870 caeterie
626 1781 976 1899 dignoscerentur,
1003 1782 1237 1899 symbolum
1265 1785 1468 1901 gerebant
1485 1793 1531 1882 in

123 1902 288 1988 finillro
307 1898 433 1985 latere
455 1897 560 2010 pallii
578 1891 688 1982 rubri
718 1913 819 1986 auro
839 1898 1084 2011 expressum,
1112 1927 1196 2011 quo
1216 1901 1530 1998 instrumentum

126 2005 460 2126 exprimebatur,
484 2038 531 2096 ex
548 2037 632 2125 quo
649 2005 764 2098 filum
782 2010 962 2100 rotando
982 2011 1251 2126 glomeratur,
1269 2013 1407 2104 ltalice
1419 2029 1530 2128 Igno.
1568 2071 1573 2078 ·

130 2148 335 2214 necatore,
351 2146 397 2211 ut
419 2119 491 2210 sub
522 2149 701 2232 numero
719 2155 789 2228 44.
846 2126 920 2211 llis
945 2126 1253 2241 quamplurimis
1280 2128 1430 2216 milites
1448 2134 1530 2221 sese
1552 2189 1555 2198 -

130 2241 425 2350 adiunxerunt3
459 2234 526 2323 led
548 2238 736 2345 superato
752 2237 967 2327 Ludovico
982 2235 1049 2325 hic
1066 2238 1173 2327 ordo
1194 2240 1392 2352 Equestris
1413 2241 1535 2342 dele,¹

136 2358 203 2458 cit.
261 2353 348 2442 Cur
364 2350 444 2440 tale
454 2346 690 2462 symbolum
710 2352 956 2463 adsumptum
973 2347 1120 2458 fuerit,
1148 2354 1344 2442 nonsatis
1363 2360 1532 2445 constat·

139 2461 344 2556 Referunt
361 2463 559 2577 aliqui,eo
577 2462 800 2574 indicatum
814 2459 928 2555 fullio
942 2468 1187 2554 Dominium
1196 2465 1368 2558 ladislai
1385 2470 1532 2559 &Ma-

143 2582 211 2682 tris
230 2577 427 2692 paularim
451 2575 785 2684 ammittendum,
813 2581 924 2665 licuti
949 2576 1064 2670 filum
1083 2605 1131 2669 ex
1149 2582 1301 2695 Arguta
1319 2578 1534 2698 abripitur,

191 2682 203 2698 'P
270 2695 273 2700 .

145 2689 276 2804 donec
297 2720 347 2782 ea
365 2692 531 2806 penitus
547 2687 693 2780 orbata
709 2713 936 2798 remaneat.

198 2965 419 3145 sequor
465 2967 739 3146 Histricis
787 2855 934 3143 alpad
965 2967 1431 3149 Aurelianenses'.'
1541 3107 1544 3118 .

232 3184 386 3275 Arolos
404 3189 498 3274 Dux
519 3185 815 3273 Aurelianensis
830 3197 870 3273 dt
887 3186 972 3273 Rex
986 3187 1165 3275 Franciae
1193 3215 1248 3278 co
1267 3192 1442 3279 nomine
1459 3192 1532 3282 Vl.

93 3398 97 3404 ,
260 3302 490 3388 imitatione
512 3296 684 3410 Philippi
705 3302 834 3386 Ducis
860 3295 1107 3411 Burgundiae
1126 3302 1231 3407 iuxta
1255 3302 1299 3395 Ρ.
1320 3303 1532 3419 Andream

142 3412 304 3503 Mendo
327 3440 438 3500 anno
463 3436 645 3519 143o.·ut
657 3409 763 3498 Orbi
782 3412 1092 3517 demonstraret,
1110 3416 1150 3502 se
1175 3413 1229 3504 ab
1247 3413 1445 3507 omnibus
1469 3419 1532 3509 la·

139 3521 338 3631 eeffitum,
358 3527 502 3615 se'solo
525 3521 857 3630 defendendum,
884 3525 1077 3614 ordinem
1098 3530 1262 3633 instituit
1276 3530 1469 3638 Histricis,
1488 3535 1533 3624 in

140 3668 220 3753 quo
237 3633 516 3729 nobiliffinros
538 3644 738 3728 Proceres
761 3636 992 3727 adscribens
1011 3636 1181 3730 baltheo
1205 3644 1382 3754 Equellri
1404 3672 1536 3736 aureo

141 3781 232 3843 mm
245 3752 414 3842 Histrice
431 3766 472 3842 dt
491 3751 681 3867 symbolo
700 3757 872 3835 cominus
891 3749 939 3844 d·
954 3756 1107 3835 Mnus
1118 3757 1325 3868 inscripto,
1340 3784 1418 3844 eoa
1429 3786 1533 3846 con·

142 3866 375 3972 decoravit,
404 3889 451 3953 ut
466 3870 602 3956 visrcur
616 3864 688 3954 sub
704 3895 819 3954 num.
836 3893 906 3974 45.
921 3866 1013 3954 Hoc
1032 3870 1156 3955 ctiam
1170 3890 1337 3959 narrant
1352 3869 1535 3961 Menne-

144 3984 248 4085 n'us‚
281 3977 466 4069 Michieli
486 3979 636 4088 etalii,
663 3980 762 4067 licet
784 3981 1020 4088 iustinianus
1043 3981 1309 4082 contradicat,
1363 3982 1534 4074 Everar·

146 4093 211 4183 dus
230 4096 527 4184 Monllrelctus
542 4093 701 4199 retulit,
727 4090 958 4206 Philippum
971 4095 1218 4221 Burgupdiae
1237 4098 1402 4185 Ducem
1419 4126 1534 4186 anno

149 4233 271 4319 ¹440·
287 4205 444 4296 ordinis
464 4208 559 4295 luis
590 4234 690 4293 nutn
710 4207 865 4295 Carolo
883 4207 1159 4296 Aureliancnfi
1176 4212 1378 4326 etArrglia
1391 4212 1534 4299 rever·

145 4322 201 4429 so,
233 4324 300 4411 eui
327 4324 517 4433 captivus
614 4341 697 4425 rat,
717 4319 941 4423 tradidisse,
969 4323 1120 4433 inquo
1141 4324 1396 4414 eratllistrix.
1452 4321 1534 4406 Lu·

145 4434 312 4526 dovicus
338 4433 491 4523 deinde
510 4437 602 4545 ‘ejus
623 4430 750 4520 frater
768 4434 986 4522 Gallorum
1006 4434 1092 4520 Rex
1113 4435 1194 4520 llll·
1209 4437 1266 4520 uti
1283 4436 1375 4520 Dux
1394 4430 1533 4529 heere-

145 4549 304 4638 ditariut
314 4549 611 4658 Aurelianenlis
627 4544 678 4634 ab
693 4542 1110 4659 hillricel'ymbolum,
1139 4549 1204 4635 eui
1220 4571 1378 4635 corona
1394 4547 1534 4661 super·

143 4662 326 4779 impolita
354 4684 464 4767 erat,
507 4664 723 4772 allumpsrt.
806 4661 869 4746 Est
897 4658 984 4747 hoc
1000 4662 1152 4750 animal
1176 4663 1367 4749 allatura
1384 4662 1535 4751 lludio·

143 4773 331 4868 sturmis
342 4774 598 4881 inllmllum,
614 4795 659 4860 ut
671 4793 951 4886 provocantes
968 4774 1402 4864 cominustctminus
1417 4802 1533 4862 arce-

141 4912 189 5004 et,
207 4890 439 5010 presertim
453 4910 604 4985 eontra
618 4912 747 4982 tutet
761 4888 936 4984 aculeos
948 4888 1045 4980 suot
1054 4888 1272 4992 eiactlms.
1328 4888 1557 5092 llum·

1642 5286 1656 5391 l
