3492 5975
718 955 742 976 M
950 953 974 986 'w'
1188 954 1195 975 b

1318 1127 1560 1165 -ι--β-ὺ

177 1171 214 1260 da
231 1173 497 1266 retinuerunu
553 1176 792 1264 Callitatem
815 1178 867 1266 cd
886 1205 1080 1268 normam
1095 1181 1147 1269 D.
1159 1165 1410 1280 Benedidlid
1427 1169 1560 1281 primu

174 1286 314 1374 ordinis
329 1286 581 1376 lrslitutione
601 1284 772 1399 profelli
791 1293 901 1401 suntt
943 1295 1088 1381 Paulus
1107 1294 1171 1385 111.
1198 1319 1310 1380 enno
1333 1311 1456 1395 1540.
1471 1306 1561 1368 mai

172 1400 415 1500 timonium,
437 1402 494 1486 uti
512 1400 881 1511 calatravensrbns,
897 1405 1071 1501 indulsit.
1128 1402 1304 1494 Sublatis
1319 1399 1474 1489 horum
1492 1418 1564 1484 or·

170 1513 298 1600 diuum
316 1538 388 1598 mu
417 1513 533 1614 istuis,
562 1509 614 1601 ab
630 1514 879 1604 Innocentio
900 1522 1002 1609 Vlll.
1024 1524 1292 1634 impetratum
1309 1519 1388 1618 est,
1416 1531 1462 1597 ut
1481 1501 1564 1593 ho·

168 1655 236 1713 nor
255 1625 369 1712 illea
427 1624 727 1714 ferdinandum
745 1629 906 1743 Regem
929 1630 1277 1723 transcriberetur.
1334 1618 1563 1713 Alexander

167 1741 224 1854 Vl.
240 1741 332 1826 Leo
355 1741 404 1834 Χ.
421 1738 680 1827 &Adrianus
699 1741 769 1835 Vl.
799 1744 842 1829 in
862 1745 1003 1833 Caroli
1024 1748 1076 1832 V.
1103 1748 1277 1859 gratiam
1294 1744 1380 1854 ipsr,
1400 1747 1441 1824 &
1461 1734 1561 1819 Suc·

165 1848 404 1964 telluribus,
436 1854 534 1945 istos
552 1850 721 1947 ordines
737 1856 900 1970 semper
918 1856 1259 1950 administrandus
1278 1850 1533 1947 concessere·

430 2207 638 2396 Eques
670 2068 1046 2367 Amaldldrrtdae
1099 2229 1295 2362 didus.
1426 2197 1428 2201 ¹

243 2452 484 2549 Maranthae
499 2481 662 2548 nomen
684 2453 825 2548 dflore
840 2456 1163 2551 immarcescibili
1181 2453 1561 2558 christina,Sueco·

274 2601 371 2661 rum
392 2573 454 2660 Re
482 2573 571 2677 ina,
592 2569 662 2659 fibi
681 2573 887 2687 imposuit,
914 2601 1011 2662 curn
1032 2569 1270 2662 Stoeholmi
1286 2566 1480 2656 ordinem
1506 2567 1562 2652 E·

160 2692 364 2802 quellrem
381 2599 593 2793 fundavit,
622 2688 734 2799 cujus
751 2686 923 2778 Affeclae
947 2684 1091 2777 fideles
1110 2689 1148 2775 se
1173 2680 1269 2772 fore
1285 2672 1562 2794 spondebant,

159 2825 204 2891 nt
220 2800 274 2891 ab
294 2802 413 2888 omni
430 2795 661 2889 infortunio
680 2799 791 2890 illam
822 2795 1127 2912 defenderentt
1160 2800 1370 2889 Virtutem
1393 2804 1434 2882 dt
1451 2789 1562 2898 lulli·

160 2917 262 3006 tiam
277 2915 403 3004 etiem
425 2913 716 3028 promoturus,
735 2911 919 3029 nihilque
941 2915 1121 3023 aduror,
1144 2910 1258 3030 quod
1276 2911 1461 3000 animum
1479 2933 1561 2996 no·

148 3026 289 3120 'bilem
316 3026 556 3122 dedeceret.
612 3062 616 3069 ·
644 3029 820 3147 Singulis
841 3029 909 3119 illa
933 3029 1168 3147 clamydem
1188 3028 1406 3118 donavite
1430 3024 1560 3111 serico

154 3169 424 3260 purpuream,
446 3144 563 3256 supra
580 3172 702 3257 quam
729 3172 803 3236 acu
819 3145 975 3261 pillum
993 3165 1081 3234 erat
1107 3147 1194 3256 eius
1219 3140 1375 3229 ordinis
1396 3132 1562 3225 Emble·

156 3288 240 3364 ma,
263 3257 428 3363 scilicet,
440 3255 554 3347 Bulla
568 3285 703 3364 aurea,
714 3261 895 3376 gemmis
914 3282 1123 3363 exornata,
1135 3262 1177 3346 in
1199 3275 1281 3372 qua
1299 3252 1395 3340 duee
1412 3253 1563 3338 litteree

157 3371 286 3461 Alibi
304 3368 578 3463 adversantes.
632 3375 710 3477 Hae
741 3374 784 3460 in
809 3373 963 3462 circulo
986 3396 1104 3463 erant
1121 3400 1169 3462 ex
1187 3368 1300 3459 foliis
1321 3367 1419 3455 lauri
1438 3392 1560 3454 com-

160 3490 310 3598 posito,
328 3484 523 3605 illumque
552 3478 670 3574 fascia
695 3484 787 3575 alba
807 3485 1103 3596 circumdabat,
1123 3484 1190 3577 his
1211 3481 1392 3573 vocibus
1408 3479 1558 3570 ltalicis

157 3600 379 3712 inscriptis:
402 3599 526 3680 ‚Dulce
539 3601 639 3681 neda
659 3605 854 3692 memoria.
896 3605 1007 3692 Haec·
1019 3605 1162 3691 omnia
1178 3598 1357 3716 expressa
1375 3599 1466 3683 sunt
1484 3589 1557 3681 sub

112 3751 116 3757 ·
157 3741 273 3803 num.
297 3741 335 3818 3.
347 3713 439 3800 Hoc
459 3712 574 3834 idern
590 3713 806 3804 Emblema
820 3743 992 3806 aureum
1011 3738 1202 3829 ctorque
1222 3708 1450 3827 pendebat,
1470 3735 1557 3817 quo

156 3827 297 3943 singuli
317 3822 630 3914 exornabantur.
684 3832 729 3916 ln
751 3830 820 3917 tali
846 3831 992 3919 ordine
1028 3830 1314 3945 quamplurimi
1339 3843 1558 3939 magnates

157 3937 506 4076 numerabuntur
534 3939 604 4063 scd
625 3938 824 4034 Cluistina
844 3972 868 4036 e
887 3949 1167 4065 vivis-erepta,
1184 3969 1335 4038 eorum
1349 3936 1558 4033 memoria

158 4076 308 4168 putrter
326 4076 505 4145 euanuit·

314 4383 501 4552 Eques
553 4383 614 4517 S.
657 4228 912 4518 Ληιοιηΐὶ
965 4389 1027 4515 in
1060 4384 1388 4554 AElhpopia.

157 4603 349 4821 HUnc
366 4609 558 4702 ordinem
577 4609 691 4705 fuisse
710 4617 935 4703 institutum
952 4643 1063 4706 anno
1079 4632 1355 4724 37o.nrrrant
1369 4610 1553 4725 Scriptoi

139 4832 143 4841 Ι
280 4751 350 4812 res
375 4725 427 4813 ad
447 4727 717 4819 debellandos
744 4728 840 4817 fidei
867 4728 1088 4821 catholicae
1116 4729 1256 4819 hostes
1284 4726 1552 4838 llo..1mpe·

155 4858 293 4932 ratote
309 4837 563 5010 AEdryopiae,
584 4848 653 4958 qui
675 4873 772 4936 cunr
789 4846 1248 5049 prenosusAvocaretur,
1273 4843 1554 5060 ροῐὶεαῗὲἑξιοι
